@article{shannon1948communication,
  author = {Claude E. Shannon},
  title = {A Mathematical Theory of Communication},
  journal = {Bell System Technical Journal},
  year = 1948,
  volume = {27},
  number = {3},
  pages = {379-423},
}

@INPROCEEDINGS{otromas,
  author={Akemoto, Ashten and Zhu, Frances},
  booktitle={2022 IEEE Aerospace Conference (AERO)}, 
  title={Informative Path Planning to Explore and Map Unknown Planetary Surfaces with Gaussian Processes}, 
  year={2022},
  volume={},
  number={},
  pages={1-12},
  doi={10.1109/AERO53065.2022.9843742}}

@misc{unomas,
  doi = {10.48550/ARXIV.2311.18314},
  url = {https://arxiv.org/abs/2311.18314},
  author = {Jiang,  Yixin and Zhou,  Lingyun and Tang,  Yijia and Tu,  Ya and Liu,  Chunhong and Shi,  Qingjiang},
  keywords = {Optimization and Control (math.OC),  FOS: Mathematics,  FOS: Mathematics},
  title = {A Collaborative Jamming Algorithm Based on Multi-UAV Scheduling},
  publisher = {arXiv},
  year = {2023},
  copyright = {arXiv.org perpetual,  non-exclusive license}
}