gianna@MacBook-Pro-de-Luis.local.95045