@mastersthesis{cinvestav2016,
    author = {Mar\'{i}n Mota, Luis Alfonso},
    title  = {Exploraci\'{o}n 3D de interiores mediante m\'{u}ltiples MAVs},
    year = {2016},
    month = {Diciembre},
    school = {CINVESTAV Unidad Zacatenco},
    url={https://www.cs.cinvestav.mx/TesisGraduados/2016/TesisLuisMarin.pdf}
}

@article{Gielis2022,
  doi = {10.1007/s43154-022-00090-9},
  url = {https://doi.org/10.1007/s43154-022-00090-9},
  year = {2022},
  month = aug,
  publisher = {Springer Science and Business Media {LLC}},
  volume = {3},
  number = {4},
  pages = {213--225},
  author = {Jennifer Gielis and Ajay Shankar and Amanda Prorok},
  title = {A Critical Review of Communications in Multi-robot Systems},
  journal = {Current Robotics Reports}
}

@INPROCEEDINGS{9317271,
  author={Mesquita, Ricardo and Gaspar, Pedro D.},
  booktitle={2020 International Conference on Decision Aid Sciences and Application (DASA)}, 
  title={A Path Planning Optimization Algorithm Based on Particle Swarm Optimization for UAVs for Bird Monitoring and Repelling - Simulation Results},
  year={2020},
  volume={},
  number={},
  pages={1144-1148},
  doi={10.1109/DASA51403.2020.9317271}}

@INPROCEEDINGS{7152274,
  author={Sonmez, Abdurrahim and Kocyigit, Emre and Kugu, Emin},
  booktitle={2015 International Conference on Unmanned Aircraft Systems (ICUAS)}, 
  title={Optimal path planning for UAVs using Genetic Algorithm}, 
  year={2015},
  volume={},
  number={},
  pages={50-55},
  doi={10.1109/ICUAS.2015.7152274}}

@INPROCEEDINGS{1467074,
  author={Nikolos, I.K. and Brintaki, A.N.},
  booktitle={Proceedings of the 2005 IEEE International Symposium on, Mediterrean Conference on Control and Automation Intelligent Control, 2005.}, 
  title={Coordinated UAV Path Planning Using Differential Evolution}, 
  year={2005},
  volume={},
  number={},
  pages={549-556},
  doi={10.1109/.2005.1467074}}


@article{Kamal2005,
  doi = {10.3182/20050703-6-cz-1902.02061},
  url = {https://doi.org/10.3182/20050703-6-cz-1902.02061},
  year = {2005},
  publisher = {Elsevier {BV}},
  volume = {38},
  number = {1},
  pages = {55--60},
  author = {W.A. Kamal and D.-W. Gu and I. Postlethwaite},
  title = {{MILP} {AND} {ITS} {APPLICATION} {IN} {FLIGHT} {PATH} {PLANNING}},
  journal = {{IFAC} Proceedings Volumes}
}

@INPROCEEDINGS{9249903,
  author={MOKRANE, Adel and BRAHAM, Amal CHOUKCHOU and CHERKI, Brahim},
  booktitle={2020 International Conference on Electrical Engineering (ICEE)}, 
  title={UAV Path Planning Based on Dynamic Programming Algorithm On Photogrammetric DEMs}, 
  year={2020},
  volume={},
  number={},
  pages={1-5},
  doi={10.1109/ICEE49691.2020.9249903}}

@inproceedings{Geiger2006,
  doi = {10.2514/6.2006-6199},
  url = {https://doi.org/10.2514/6.2006-6199},
  year = {2006},
  month = jun,
  publisher = {American Institute of Aeronautics and Astronautics},
  author = {Brian Geiger and Joseph Horn and Anthony DeLullo and Albert Niessner and Lyle Long},
  title = {Optimal Path Planning of {UAVs} Using Direct Collocation with Nonlinear Programming},
  booktitle = {{AIAA} Guidance,  Navigation,  and Control Conference and Exhibit}
}

@article{Danancier2019,
  doi = {10.1016/j.ifacol.2019.11.493},
  url = {https://doi.org/10.1016/j.ifacol.2019.11.493},
  year = {2019},
  publisher = {Elsevier {BV}},
  volume = {52},
  number = {13},
  pages = {1978--1983},
  author = {Kevin Danancier and Delphine Ruvio and Inkyung Sung and Peter Nielsen},
  title = {Comparison of Path Planning Algorithms for an Unmanned Aerial Vehicle Deployment Under Threats},
  journal = {{IFAC}-{PapersOnLine}}
}

@INPROCEEDINGS{9018916,
  author={Li, Yue and Han, Wei and Zhang, Yong and Mu, Wanhui},
  booktitle={2018 IEEE CSAA Guidance, Navigation and Control Conference (CGNCC)}, 
  title={A method of UAV path planning based on an improved RRT algorithm}, 
  year={2018},
  volume={},
  number={},
  pages={1-5},
  doi={10.1109/GNCC42960.2018.9018916}}

@INPROCEEDINGS{6491122,
  author={Yan, Fei and Zhuang, Yan and Xiao, Jizhong},
  booktitle={2012 IEEE International Conference on Robotics and Biomimetics (ROBIO)}, 
  title={3D PRM based real-time path planning for UAV in complex environment}, 
  year={2012},
  volume={},
  number={},
  pages={1135-1140},
  doi={10.1109/ROBIO.2012.6491122}}


@article{Wang2022,
  doi = {10.1007/s00500-022-07224-3},
  url = {https://doi.org/10.1007/s00500-022-07224-3},
  year = {2022},
  month = jun,
  publisher = {Springer Science and Business Media {LLC}},
  volume = {26},
  number = {22},
  pages = {12599--12610},
  author = {Jinyang Wang and Yuhua Li and Ruixuan Li and Hao Chen and Kejing Chu},
  title = {Trajectory planning for {UAV} navigation in dynamic environments with matrix alignment Dijkstra},
  journal = {Soft Computing}
}

@INPROCEEDINGS{9836159,
  author={Batinovic, Ana and Goricanec, Jurica and Markovic, Lovro and Bogdan, Stjepan},
  booktitle={2022 International Conference on Unmanned Aircraft Systems (ICUAS)}, 
  title={Path Planning with Potential Field-Based Obstacle Avoidance in a 3D Environment by an Unmanned Aerial Vehicle}, 
  year={2022},
  volume={},
  number={},
  pages={394-401},
  doi={10.1109/ICUAS54217.2022.9836159}}

@INPROCEEDINGS{8798322,
  author={Huang, Sunan and Teo, Rodney Swee Huat},
  booktitle={2019 International Conference on Unmanned Aircraft Systems (ICUAS)}, 
  title={Computationally Efficient Visibility Graph-Based Generation Of 3D Shortest Collision-Free Path Among Polyhedral Obstacles For Unmanned Aerial Vehicles}, 
  year={2019},
  volume={},
  number={},
  pages={1218-1223},
  doi={10.1109/ICUAS.2019.8798322}}

@INPROCEEDINGS{7978644,
  author={Chen, Xia and Li, Guang-yao and Chen, Xiang-min},
  booktitle={2017 29th Chinese Control And Decision Conference (CCDC)}, 
  title={Path planning and cooperative control for multiple UAVs based on consistency theory and Voronoi diagram}, 
  year={2017},
  volume={},
  number={},
  pages={881-886},
  doi={10.1109/CCDC.2017.7978644}}

@INPROCEEDINGS{8098706,
  author={De Waen, Jorik and Dinh, Hoang Tung and Cruz Torres, Mario Henrique and Holvoet, Tom},
  booktitle={2017 European Conference on Mobile Robots (ECMR)}, 
  title={Scalable multirotor UAV trajectory planning using mixed integer linear programming}, 
  year={2017},
  volume={},
  number={},
  pages={1-6},
  doi={10.1109/ECMR.2017.8098706}}

@article{Chen2014AF,
  doi = {10.1080/00207721.2014.929191},
  url = {https://doi.org/10.1080/00207721.2014.929191},
  year = {2014},
  month = jun,
  publisher = {Informa {UK} Limited},
  volume = {47},
  number = {6},
  pages = {1407--1420},
  author = {Yong-bo Chen and Guan-chen Luo and Yue-song Mei and Jian-qiao Yu and Xiao-long Su},
  title = {{UAV} path planning using artificial potential field method updated by optimal control theory},
  journal = {International Journal of Systems Science}
}

@incollection{ARDRONE2011,
  doi = {10.1007/978-3-642-21975-7_16},
  url = {https://doi.org/10.1007/978-3-642-21975-7_16},
  year = {2011},
  publisher = {Springer Berlin Heidelberg},
  pages = {172--186},
  author = {Tom{\'{a}}{\v{s}} Krajn{\'{\i}}k and Vojt{\v{e}}ch Von{\'{a}}sek and Daniel Fi{\v{s}}er and Jan Faigl},
  title = {{AR}-Drone as a Platform for Robotic Research and Education},
  booktitle = {Communications in Computer and Information Science}
}

@misc{INTEL2023,
title={What are service robots?},
url={https://www.intel.la/content/www/xl/es/robotics/service-robot.html},
journal={Intel Latinoam\'{e}rica},
publisher={INTEL},
author={Intel Ed.},
year={2023},
month={Ago},
urldate = {2023-08-06}}

@misc{NASA2023,
title={MARS 2020 MISSION PERSEVERANCE ROVER},
url={https://www.intel.la/content/www/xl/es/robotics/service-robot.html},
journal={NASA Science},
publisher={NASA},
author={NASA Ed.},
year={2023},
month={Ago},
urldate = {2023-08-06}}

@inproceedings{Schneider2016,
  doi = {10.1109/carpathiancc.2016.7501177},
  url = {https://doi.org/10.1109/carpathiancc.2016.7501177},
  year = {2016},
  month = may,
  publisher = {{IEEE}},
  author = {Frank E. Schneider and Dennis Wildermuth},
  title = {Assessing the search and rescue domain as an applied and realistic benchmark for robotic systems},
  booktitle = {2016 17th International Carpathian Control Conference ({ICCC})}
}

@inproceedings{Sharma2016,
  doi = {10.1109/icctict.2016.7514570},
  url = {https://doi.org/10.1109/icctict.2016.7514570},
  year = {2016},
  month = mar,
  publisher = {{IEEE}},
  author = {Sujata Sharma and Ritu Tiwari},
  title = {A survey on multi robots area exploration techniques and algorithms},
  booktitle = {2016 International Conference on Computational Techniques in Information and Communication Technologies ({ICCTICT})}
}

@conference{DEPTHX2006,
author = {William Stone and Nathaniel Fairfield and George A. Kantor},
title = {Autonomous Underwater Vehicle Navigation and Proximity Operations for Deep Phreatic Thermal Explorer (DEPTHX)},
booktitle = {Proceedings of Masterclass in AUV Technology for Polar Science},
year = {2006},
month = {March},
editor = {Griffiths, G. and Collins, K.},
publisher = {Society for Underwater Technology},
address = {London},
keywords = {auv, navigation, slam}}

@misc{DRONESHOW2023,
title={Fireworks have a new competitor: Drones},
url={https://www.nytimes.com/2023/07/01/business/dealbook/fourth-of-july-fireworks-drones.html},
journal={The New York Times},
publisher={The New York Times},
author={Hirsch, Lauren and Merced, Michael J. De La},
year={2023},
month={Jul},
urldate = {2023-08-05}}

@article{SHAKHATREH2019,
  doi = {10.1109/access.2019.2909530},
  url = {https://doi.org/10.1109/access.2019.2909530},
  year = {2019},
  publisher = {Institute of Electrical and Electronics Engineers ({IEEE})},
  volume = {7},
  pages = {48572--48634},
  author = {Hazim Shakhatreh and Ahmad H. Sawalmeh and Ala Al-Fuqaha and Zuochao Dou and Eyad Almaita and Issa Khalil and Noor Shamsiah Othman and Abdallah Khreishah and Mohsen Guizani},
  title = {Unmanned Aerial Vehicles ({UAVs}): A Survey on Civil Applications and Key Research Challenges},
  journal = {{IEEE} Access}
}

@misc{CERBERUS2022,
      title={CERBERUS: Autonomous Legged and Aerial Robotic Exploration in the Tunnel and Urban Circuits of the DARPA Subterranean Challenge}, 
      author={Marco Tranzatto and Frank Mascarich and Lukas Bernreiter and Carolina Godinho and Marco Camurri and Shehryar Khattak and Tung Dang and Victor Reijgwart and Johannes Loeje and David Wisth and Samuel Zimmermann and Huan Nguyen and Marius Fehr and Lukas Solanka and Russell Buchanan and Marko Bjelonic and Nikhil Khedekar and Mathieu Valceschini and Fabian Jenelten and Mihir Dharmadhikari and Timon Homberger and Paolo De Petris and Lorenz Wellhausen and Mihir Kulkarni and Takahiro Miki and Satchel Hirsch and Markus Montenegro and Christos Papachristos and Fabian Tresoldi and Jan Carius and Giorgio Valsecchi and Joonho Lee and Konrad Meyer and Xiangyu Wu and Juan Nieto and Andy Smith and Marco Hutter and Roland Siegwart and Mark Mueller and Maurice Fallon and Kostas Alexis},
      year={2022},
      eprint={2201.07067},
      archivePrefix={arXiv},
      primaryClass={cs.RO}
}

@misc{min2020accelerating,
      title={Accelerating Probabilistic Volumetric Mapping using Ray-Tracing Graphics Hardware}, 
      author={Heajung Min and Kyung Min Han and Young J. Kim},
      year={2020},
      eprint={2011.10348},
      archivePrefix={arXiv},
      primaryClass={cs.RO}
}

@article{Karaman2011,
  doi = {10.1177/0278364911406761},
  url = {https://doi.org/10.1177/0278364911406761},
  year = {2011},
  month = jun,
  publisher = {{SAGE} Publications},
  volume = {30},
  number = {7},
  pages = {846--894},
  author = {Sertac Karaman and Emilio Frazzoli},
  title = {Sampling-based algorithms for optimal motion planning},
  journal = {The International Journal of Robotics Research}
}

@INPROCEEDINGS{8397034,
  author={Wang, Ju and Chen, Wei-bang and Temu, Vitalis},
  booktitle={2018 IEEE Conference on Multimedia Information Processing and Retrieval (MIPR)}, 
  title={Multi-Vehicle Motion Planning for Search and Tracking}, 
  year={2018},
  volume={},
  number={},
  pages={352-355},
  doi={10.1109/MIPR.2018.00078}}

@ARTICLE{9031752,
  author={Huang, Zhengrui and Chen, Chongcheng and Pan, Miaoxin},
  journal={IEEE Internet of Things Journal}, 
  title={Multiobjective UAV Path Planning for Emergency Information Collection and Transmission}, 
  year={2020},
  volume={7},
  number={8},
  pages={6993-7009},
  doi={10.1109/JIOT.2020.2979521}}

@INPROCEEDINGS{9986687,
  author={Li, Yafei and Liu, Minghuan and Zhang, Xiaoyue},
  booktitle={2022 IEEE 4th International Conference on Civil Aviation Safety and Information Technology (ICCASIT)}, 
  title={Research on Dynamic Obstacle Avoidance Path Planning Strategy of UAV}, 
  year={2022},
  volume={},
  number={},
  pages={461-465},
  doi={10.1109/ICCASIT55263.2022.9986687}}

@ARTICLE{10120943,
  author={Chen, Bor-Sen and Hung, Ting-Wei},
  journal={IEEE Access}, 
  title={Integrating Local Motion Planning and Robust Decentralized Fault-Tolerant Tracking Control for Search and Rescue Task of Hybrid UAVs and Biped Robots Team System}, 
  year={2023},
  volume={11},
  number={},
  pages={45888-45909},
  doi={10.1109/ACCESS.2023.3273787}}

@article{Loquercio_2021,
	doi = {10.1126/scirobotics.abg5810},
	url = {https://doi.org/10.1126%2Fscirobotics.abg5810},
	year = 2021,
	month = {oct},
	publisher = {American Association for the Advancement of Science ({AAAS})},
	volume = {6},
	number = {59},
	author = {Antonio Loquercio and Elia Kaufmann and Ren{\'{e}
} Ranftl and Matthias Müller and Vladlen Koltun and Davide Scaramuzza},
	title = {Learning high-speed flight in the wild}, 
	journal = {Science Robotics}
}

@INPROCEEDINGS{10056204,
  author={Cui, Yangjie and Dong, Xin and Li, Daochun and Tu, Zhan},
  booktitle={2022 7th International Conference on Robotics and Automation Engineering (ICRAE)}, 
  title={An End-to-End Deep Reinforcement Learning Method for UAV Autonomous Motion Planning}, 
  year={2022},
  volume={},
  number={},
  pages={100-104},
  doi={10.1109/ICRAE56463.2022.10056204}}

@INPROCEEDINGS{10055974,
  author={Fan, Qingpei and Meng, Jun},
  booktitle={2022 China Automation Congress (CAC)}, 
  title={Application of Motion Planning in UAVs: A Review}, 
  year={2022},
  volume={},
  number={},
  pages={3082-3086},
  doi={10.1109/CAC57257.2022.10055974}}

@INPROCEEDINGS{7279703,
  author={Li, Wei and Chen, Wenwen and Wang, Chong and Liu, Ming and Ge, Yunjian and Song, Quanjun},
  booktitle={2015 IEEE International Conference on Information and Automation}, 
  title={A 3D path planning approach for quadrotor UAV navigation}, 
  year={2015},
  volume={},
  number={},
  pages={2481-2486},
  doi={10.1109/ICInfA.2015.7279703}}

@ARTICLE{10011226,
  author={Mukhamediev, Ravil I. and Yakunin, Kirill and Aubakirov, Margulan and Assanov, Ilyas and Kuchin, Yan and Symagulov, Adilkhan and Levashenko, Vitaly and Zaitseva, Elena and Sokolov, Dmitry and Amirgaliyev, Yedilkhan},
  journal={IEEE Access}, 
  title={Coverage Path Planning Optimization of Heterogeneous UAVs Group for Precision Agriculture}, 
  year={2023},
  volume={11},
  number={},
  pages={5789-5803},
  doi={10.1109/ACCESS.2023.3235207}}


@INPROCEEDINGS{8028745,
  author={Zhao, Chunhui and Li, Sijia and Hu, Jinwen and Pan, Quan and Xu, Zhao and Lvy, Yang and Meng, Wei},
  booktitle={2017 36th Chinese Control Conference (CCC)}, 
  title={A study on UAV formation collision avoidance}, 
  year={2017},
  volume={},
  number={},
  pages={8743-8747},
  doi={10.23919/ChiCC.2017.8028745}}


@ARTICLE{9679714,
  author={Jinqiang, Hu and Husheng, Wu and Renjun, Zhan and Rafik, Menassel and Xuanwu, Zhou},
  journal={Journal of Systems Engineering and Electronics}, 
  title={Self-organized search-attack mission planning for UAV swarm based on wolf pack hunting behavior}, 
  year={2021},
  volume={32},
  number={6},
  pages={1463-1476},
  doi={10.23919/JSEE.2021.000124}}


@Article{drones7060337,
AUTHOR = {Gui, Jianjun and Yu, Tianyou and Deng, Baosong and Zhu, Xiaozhou and Yao, Wen},
TITLE = {Decentralized Multi-UAV Cooperative Exploration Using Dynamic Centroid-Based Area Partition},
JOURNAL = {Drones},
VOLUME = {7},
YEAR = {2023},
NUMBER = {6},
ARTICLE-NUMBER = {337},
URL = {https://www.mdpi.com/2504-446X/7/6/337},
ISSN = {2504-446X},
DOI = {10.3390/drones7060337}
}

@incollection{ZOUGANELI2022,
  doi = {10.1007/978-3-031-17030-0_2},
  url = {https://doi.org/10.1007/978-3-031-17030-0_2},
  year = {2022},
  publisher = {Springer International Publishing},
  pages = {16--25},
  author = {Evi Zouganeli and Athanasios Lentzas},
  title = {Cognitive Robotics - Towards the Development of Next-Generation Robotics and~Intelligent Systems},
  booktitle = {Communications in Computer and Information Science}
}

@INPROCEEDINGS{6320878,
  author={Yifan Cai and Yang, Simon X.},
  booktitle={World Automation Congress 2012}, 
  title={A Survey on multi-robot systems}, 
  year={2012},
  volume={},
  number={},
  pages={1-6},
  doi={}}

@article{DONALD1982,
  doi = {10.1016/0146-664x(82)90104-6},
  url = {https://doi.org/10.1016/0146-664x(82)90104-6},
  year = {1982},
  month = jun,
  publisher = {Elsevier {BV}},
  volume = {19},
  number = {2},
  pages = {129--147},
  author = {Donald Meagher},
  title = {Geometric modeling using octree encoding},
  journal = {Computer Graphics and Image Processing}
}

@misc{zhou2021decentralized,
      title={Decentralized Spatial-Temporal Trajectory Planning for Multicopter Swarms}, 
      author={Xin Zhou and Zhepei Wang and Xiangyong Wen and Jiangchao Zhu and Chao Xu and Fei Gao},
      year={2021},
      eprint={2106.12481},
      archivePrefix={arXiv},
      primaryClass={cs.RO}
}

@article{Faria2019,
  doi = {10.3390/s19224849},
  url = {https://doi.org/10.3390/s19224849},
  year = {2019},
  month = nov,
  publisher = {{MDPI} {AG}},
  volume = {19},
  number = {22},
  pages = {4849},
  author = {Margarida Faria and Ant{\'{o}}nio S{\'{e}}rgio Ferreira and H{\'{e}}ctor P{\'{e}}rez-Leon and Ivan Maza and Antidio Viguria},
  title = {Autonomous 3D Exploration of Large Structures Using an {UAV} Equipped with a 2D {LIDAR}},
  journal = {Sensors}
}

@ARTICLE{GRZONKA2012,
  author={Grzonka, Slawomir and Grisetti, Giorgio and Burgard, Wolfram},
  journal={IEEE Transactions on Robotics}, 
  title={A Fully Autonomous Indoor Quadrotor}, 
  year={2012},
  volume={28},
  number={1},
  pages={90-100},
  doi={10.1109/TRO.2011.2162999}}

@article{BUG2019,
author = {K. N. McGuire  and C. De Wagter  and K. Tuyls  and H. J. Kappen  and G. C. H. E. de Croon },
title = {Minimal navigation solution for a swarm of tiny flying robots to explore an unknown environment},
journal = {Science Robotics},
volume = {4},
number = {35},
pages = {eaaw9710},
year = {2019},
doi = {10.1126/scirobotics.aaw9710},
URL = {https://www.science.org/doi/abs/10.1126/scirobotics.aaw9710},
eprint = {https://www.science.org/doi/pdf/10.1126/scirobotics.aaw9710}}

@article{KUMAR2023,
title = {Region coverage-aware path planning for unmanned aerial vehicles: A systematic review},
journal = {Physical Communication},
volume = {59},
pages = {102073},
year = {2023},
issn = {1874-4907},
doi = {https://doi.org/10.1016/j.phycom.2023.102073},
url = {https://www.sciencedirect.com/science/article/pii/S1874490723000769},
author = {Krishan Kumar and Neeraj Kumar},
keywords = {Coverage path planning, UAV-based survey, Multi-UAV path planning, Multi-region path planning, Online path planning}
}

@article{ACM2023,
author = {Jones, Michael and Djahel, Soufiene and Welsh, Kristopher},
title = {Path-Planning for Unmanned Aerial Vehicles with Environment Complexity Considerations: A Survey},
year = {2023},
issue_date = {November 2023},
publisher = {Association for Computing Machinery},
address = {New York, NY, USA},
volume = {55},
number = {11},
issn = {0360-0300},
url = {https://doi.org/10.1145/3570723},
doi = {10.1145/3570723},
journal = {ACM Comput. Surv.},
month = {feb},
articleno = {234},
numpages = {39},
keywords = {path-planning, environment modelling complexity, Unmanned aerial vehicles (UAVs)}
}

@ARTICLE{UAVCIVIL2019,
  author={Shakhatreh, Hazim and Sawalmeh, Ahmad H. and Al-Fuqaha, Ala and Dou, Zuochao and Almaita, Eyad and Khalil, Issa and Othman, Noor Shamsiah and Khreishah, Abdallah and Guizani, Mohsen},
  journal={IEEE Access}, 
  title={Unmanned Aerial Vehicles (UAVs): A Survey on Civil Applications and Key Research Challenges}, 
  year={2019},
  volume={7},
  number={},
  pages={48572-48634},
  doi={10.1109/ACCESS.2019.2909530}
  }

@ARTICLE{SurveyCollab2019,
  author={Alsamhi, Saeed H. and Ma, Ou and Ansari, Mohammad Samar and Almalki, Faris A.},
  journal={IEEE Access}, 
  title={Survey on Collaborative Smart Drones and Internet of Things for Improving Smartness of Smart Cities}, 
  year={2019},
  volume={7},
  number={},
  pages={128125-128152},
  doi={10.1109/ACCESS.2019.2934998}}

@ARTICLE{4082128,
  author={Hart, Peter E. and Nilsson, Nils J. and Raphael, Bertram},
  journal={IEEE Transactions on Systems Science and Cybernetics}, 
  title={A Formal Basis for the Heuristic Determination of Minimum Cost Paths}, 
  year={1968},
  volume={4},
  number={2},
  pages={100-107},
  doi={10.1109/TSSC.1968.300136}}

@article{LaValle1998RapidlyexploringRT,
  title={Rapidly-exploring random trees : a new tool for path planning},
  author={Steven M. LaValle},
  journal={The annual research report},
  year={1998},
  url={https://api.semanticscholar.org/CorpusID:14744621}
}

@INPROCEEDINGS{351061,
  author={Stentz, A.},
  booktitle={Proceedings of the 1994 IEEE International Conference on Robotics and Automation}, 
  title={Optimal and efficient path planning for partially-known environments}, 
  year={1994},
  volume={},
  number={},
  pages={3310-3317 vol.4},
  doi={10.1109/ROBOT.1994.351061}}


@article{Lumelsky1987,
  doi = {10.1007/bf01840369},
  url = {https://doi.org/10.1007/bf01840369},
  year = {1987},
  month = nov,
  publisher = {Springer Science and Business Media {LLC}},
  volume = {2},
  number = {1-4},
  pages = {403--430},
  author = {Vladimir J. Lumelsky and Alexander A. Stepanov},
  title = {Path-planning strategies for a point mobile automaton moving amidst unknown obstacles of arbitrary shape},
  journal = {Algorithmica}}

@article{Daponte2015,
  title={Metrology for drone and drone for metrology: Measurement systems on small civilian drones},
  author={Pasquale Daponte and Luca De Vito and Gianluca Mazzilli and Francesco Picariello and Sergio Rapuano and Maria Riccio},
  journal={2015 IEEE Metrology for Aerospace (MetroAeroSpace)},
  year={2015},
  pages={306-311}
}

@article{SHUKLA2016490,
title = {Application of robotics in onshore oil and gas industry - A review Part I},
journal = {Robotics and Autonomous Systems},
volume = {75},
pages = {490-507},
year = {2016},
issn = {0921-8890},
doi = {https://doi.org/10.1016/j.robot.2015.09.012},
url = {https://www.sciencedirect.com/science/article/pii/S0921889015002006},
author = {Amit Shukla and Hamad Karki},
}

@INPROCEEDINGS{PENDU2011,
  author={Hehn, Markus and D'Andrea, Raffaello},
  booktitle={2011 IEEE International Conference on Robotics and Automation}, 
  title={A flying inverted pendulum}, 
  year={2011},
  volume={},
  number={},
  pages={763-770},
  doi={10.1109/ICRA.2011.5980244}}


@Article{TONG2023,
AUTHOR = {Tong, Pengfei and Yang, Xuerong and Yang, Yajun and Liu, Wei and Wu, Peiyi},
TITLE = {Multi-UAV Collaborative Absolute Vision Positioning and Navigation: A Survey and Discussion},
JOURNAL = {Drones},
VOLUME = {7},
YEAR = {2023},
NUMBER = {4},
ARTICLE-NUMBER = {261},
URL = {https://www.mdpi.com/2504-446X/7/4/261},
ISSN = {2504-446X},
DOI = {10.3390/drones7040261}
}

@ARTICLE{8665862,
  author={Fu, Zhangjie and Mao, Yuanhang and He, Daojing and Yu, Jingnan and Xie, Guowu},
  journal={IEEE Access}, 
  title={Secure Multi-UAV Collaborative Task Allocation}, 
  year={2019},
  volume={7},
  number={},
  pages={35579-35587},
  doi={10.1109/ACCESS.2019.2902221}}

@ARTICLE{RACER2022,
  author={Zhou, Boyu and Xu, Hao and Shen, Shaojie},
  journal={IEEE Transactions on Robotics}, 
  title={RACER: Rapid Collaborative Exploration With a Decentralized Multi-UAV System}, 
  year={2023},
  volume={39},
  number={3},
  pages={1816-1835},
  doi={10.1109/TRO.2023.3236945}}

@book{HandBookRobotics2016,
doi = {10.1007/978-3-319-32552-1},
  url = {https://doi.org/10.1007/978-3-319-32552-1},
  year = {2016},
  publisher = {Springer International Publishing},
  editor = {Bruno Siciliano and Oussama Khatib},
  title = {Springer Handbook of Robotics}
}

@book{ARKIN1998,
doi = {10.1007/978-3-319-32552-1},
  url = {https://mitpress.mit.edu/9780262529204/behavior-based-robotics/},
  year = {1998},
  publisher = {MIT Press},
  editor = {Ronald C. Arkin},
  title = {Behavior-Based Robotics}
}

@ARTICLE{BROOKS1986,
  author={Brooks, R.},
  journal={IEEE Journal on Robotics and Automation}, 
  title={A robust layered control system for a mobile robot}, 
  year={1986},
  volume={2},
  number={1},
  pages={14-23},
  doi={10.1109/JRA.1986.1087032}}


@book{HandBookUAV2016,
  author = {Siciliano, Bruno and Khatib Oussama},
  title = {Springer Handbook of Robotics},
  edition = {2nd},
  publisher = {Springer Cham},
  year = {2016},
  isbn = {978-3-319-32552-1},
  doi={https://doi.org/10.1007/978-3-319-32552-1}
}

@incollection{Dalamagkidis2014,
  doi = {10.1007/978-90-481-9707-1_92},
  url = {https://doi.org/10.1007/978-90-481-9707-1_92},
  year = {2014},
  month = aug,
  publisher = {Springer Netherlands},
  pages = {43--55},
  author = {Konstantinos Dalamagkidis},
  title = {Definitions and Terminology},
  booktitle = {Handbook of Unmanned Aerial Vehicles}
}

@Article{math11102356,
AUTHOR = {Aljalaud, Faten and Kurdi, Heba and Youcef-Toumi, Kamal},
TITLE = {Bio-Inspired Multi-UAV Path Planning Heuristics: A Review},
JOURNAL = {Mathematics},
VOLUME = {11},
YEAR = {2023},
NUMBER = {10},
ARTICLE-NUMBER = {2356},
URL = {https://www.mdpi.com/2227-7390/11/10/2356},
ISSN = {2227-7390},
DOI = {10.3390/math11102356}
}

@misc{yang2022far,
      title={FAR Planner: Fast, Attemptable Route Planner using Dynamic Visibility Update}, 
      author={Fan Yang and Chao Cao and Hongbiao Zhu and Jean Oh and Ji Zhang},
      year={2022},
      eprint={2110.09460},
      archivePrefix={arXiv},
      primaryClass={cs.RO}
}

@article{Tsardoulias2016,
  doi = {10.1007/s10846-016-0362-z},
  url = {https://doi.org/10.1007/s10846-016-0362-z},
  year = {2016},
  month = may,
  publisher = {Springer Science and Business Media {LLC}},
  volume = {84},
  number = {1-4},
  pages = {829--858},
  author = {E. G. Tsardoulias and A. Iliakopoulou and A. Kargakos and L. Petrou},
  title = {A Review of Global Path Planning Methods for Occupancy Grid Maps Regardless of Obstacle Density},
  journal = {Journal of Intelligent and Robotic Systems}
}

@book{Bekey2005,
  author = {Bekey, George A.},
  title = {Autonomus Robots From Biological Inspiration to Implementation and Controol},
  edition = {1st},
  publisher = {MIT Press},
  year = {2005},
  isbn = {9780262534185}
}

@misc{Lcady2014,
title={Hovering over the drone patent landscape},
url={https://www.ificlaims.com/news/view/blog-posts/hovering-over-the-drone.htm},
journal={IFI CLAIMS® Patent Services},
author={Lcady},
year={2014},
month={Nov}
}

@INPROCEEDINGS{ZHAO2020,
  author={Zhao, Hong},
  booktitle={2020 International Wireless Communications and Mobile Computing (IWCMC)}, 
  title={Optimal Path Planning for Robot Based on Ant Colony Algorithm}, 
  year={2020},
  volume={},
  number={},
  pages={671-675},
  doi={10.1109/IWCMC48107.2020.9148277}}


@Article{DENG2023,
AUTHOR = {Deng, Lixia and Chen, Huanyu and Zhang, Xiaoyiqun and Liu, Haiying},
TITLE = {Three-Dimensional Path Planning of UAV Based on Improved Particle Swarm Optimization},
JOURNAL = {Mathematics},
VOLUME = {11},
YEAR = {2023},
NUMBER = {9},
ARTICLE-NUMBER = {1987},
URL = {https://www.mdpi.com/2227-7390/11/9/1987},
ISSN = {2227-7390},
DOI = {10.3390/math11091987}
}

@article{XU2023110164,
title = {Cooperative path planning optimization for multiple UAVs with communication constraints},
journal = {Knowledge-Based Systems},
volume = {260},
pages = {110164},
year = {2023},
issn = {0950-7051},
doi = {https://doi.org/10.1016/j.knosys.2022.110164},
url = {https://www.sciencedirect.com/science/article/pii/S0950705122012606},
author = {Liang Xu and Xianbin Cao and Wenbo Du and Yumeng Li},
keywords = {Multiple UAVs, Cooperative path planning, Communication constraints, Particle swarm optimization},
}

@INPROCEEDINGS{YAMAUCHI1997,
  author={Yamauchi, B.},
  booktitle={Proceedings 1997 IEEE International Symposium on Computational Intelligence in Robotics and Automation CIRA'97. 'Towards New Computational Principles for Robotics and Automation'}, 
  title={A frontier-based approach for autonomous exploration}, 
  year={1997},
  volume={},
  number={},
  pages={146-151},
  doi={10.1109/CIRA.1997.613851}}


@article{PathPlanning2020,
title = {Path planning techniques for unmanned aerial vehicles: A review, solutions, and challenges},
journal = {Computer Communications},
volume = {149},
pages = {270-299},
year = {2020},
issn = {0140-3664},
doi = {https://doi.org/10.1016/j.comcom.2019.10.014},
url = {https://www.sciencedirect.com/science/article/pii/S0140366419308539},
author = {Shubhani Aggarwal and Neeraj Kumar}}

@INPROCEEDINGS{MultiPathPlanning2018,
  author={Zu, Wei and Fan, Guoliang. and Gao, Yang and Ma, Yao and Zhang, Haiying and Zeng, Haitao},
  booktitle={2018 IEEE International Conference on Mechatronics and Automation (ICMA)}, 
  title={Multi-UAVs Cooperative Path Planning Method based on Improved RRT Algorithm}, 
  year={2018},
  volume={},
  number={},
  pages={1563-1567},
  doi={10.1109/ICMA.2018.8484400}}


@Article{sym10100450,
AUTHOR = {Zhang, Han-ye and Lin, Wei-ming and Chen, Ai-xia},
TITLE = {Path Planning for the Mobile Robot: A Review},
JOURNAL = {Symmetry},
VOLUME = {10},
YEAR = {2018},
NUMBER = {10},
ARTICLE-NUMBER = {450},
URL = {https://www.mdpi.com/2073-8994/10/10/450},
ISSN = {2073-8994},
DOI = {10.3390/sym10100450}
}

@article{Chronis2023,
doi = {10.1088/1742-6596/2526/1/012088},
url = {https://dx.doi.org/10.1088/1742-6596/2526/1/012088},
year = {2023},
month = {jun},
publisher = {IOP Publishing},
volume = {2526},
number = {1},
pages = {012088},
author = {Christos Chronis and Georgios Anagnostopoulos and Elena Politi and Antonios Garyfallou and Iraklis Varlamis and George Dimitrakopoulos},
title = {Path planning of autonomous UAVs using reinforcement learning},
journal = {Journal of Physics: Conference Series}}


@book{THRUN2005,
author = {Thrun, Sebastian and Burgard, Wolfram and Fox, Dieter},
title = {Probabilistic Robotics (Intelligent Robotics and Autonomous Agents)},
year = {2005},
isbn = {0262201623},
publisher = {The MIT Press},
pages={171-172},
}

@INPROCEEDINGS{Chen2017,
  author={Chen, Xia and Li, Guang-yao and Chen, Xiang-min},
  booktitle={2017 29th Chinese Control And Decision Conference (CCDC)}, 
  title={Path planning and cooperative control for multiple UAVs based on consistency theory and Voronoi diagram}, 
  year={2017},
  volume={},
  number={},
  pages={881-886},
  doi={10.1109/CCDC.2017.7978644}}

@Article{drones2022,
AUTHOR = {Jarray, Raja and Bouallègue, Soufiene and Rezk, Hegazy and Al-Dhaifallah, Mujahed},
TITLE = {Parallel Multiobjective Multiverse Optimizer for Path Planning of Unmanned Aerial Vehicles in a Dynamic Environment with Moving Obstacles},
JOURNAL = {Drones},
VOLUME = {6},
YEAR = {2022},
NUMBER = {12},
ARTICLE-NUMBER = {385},
URL = {https://www.mdpi.com/2504-446X/6/12/385},
ISSN = {2504-446X},
DOI = {10.3390/drones6120385}}

@ARTICLE{10120941,
  author={Tahir, Muhammad Amir and Mir, Imran and Islam, Tauqeer Ul},
  journal={IEEE Access}, 
  title={A Review of UAV Platforms for Autonomous Applications: Comprehensive Analysis and Future Directions}, 
  year={2023},
  volume={11},
  number={},
  pages={52540-52554},
  doi={10.1109/ACCESS.2023.3273780}}


@article{CHEN2014,
  doi = {10.1007/s10846-014-0077-y},
  url = {https://doi.org/10.1007/s10846-014-0077-y},
  year = {2014},
  month = jul,
  publisher = {Springer Science and Business Media {LLC}},
  volume = {77},
  number = {1},
  pages = {229--246},
  author = {YongBo Chen and JianQiao Yu and XiaoLong Su and GuanChen Luo},
  title = {Path Planning for Multi-{UAV} Formation},
  journal = {Journal of Intelligent and Robotic Systems}
}

@article{Zhang2023,
  doi = {10.1002/gj.4763},
  url = {https://doi.org/10.1002/gj.4763},
  year = {2023},
  month = may,
  publisher = {Wiley},
  volume = {58},
  number = {6},
  pages = {2454--2472},
  author = {Ran Zhang and Guangbo Hao and Kong Zhang and Zili Li},
  title = {Unmanned aerial vehicle navigation in underground structure inspection: A review},
  journal = {Geological Journal}
}

@article{UAVPRACTICAL2023,
author={Mohsan, Syed Agha Hassnain and Othman, Nawaf Qasem Hamood and Li, Yanlong, Alsharif and Mohammed H. and Khan,Muhammad Asghar},
title={Unmanned aerial vehicles (UAVs): practical aspects, applications, open challenges, security issues, and future trends},
JOURNAL = {Intelligent Service Robotics},
VOLUME = {16},
YEAR = {2023},
NUMBER = {1},
DOI = {https://doi.org/10.1007/s11370-022-00452-4}}
}

@Article{machines2023,
AUTHOR = {Zhang, Danyang and Xuan, Zhaolong and Zhang, Yang and Yao, Jiangyi and Li, Xi and Li, Xiongwei},
TITLE = {Path Planning of Unmanned Aerial Vehicle in Complex Environments Based on State-Detection Twin Delayed Deep Deterministic Policy Gradient},
JOURNAL = {Machines},
VOLUME = {11},
YEAR = {2023},
NUMBER = {1},
ARTICLE-NUMBER = {108},
URL = {https://www.mdpi.com/2075-1702/11/1/108},
ISSN = {2075-1702},
DOI = {10.3390/machines11010108}}

@misc{MITNEWS2018,
title={Fleets of drones could aid searches for lost hikers},
url={https://news.mit.edu/2018/fleets-drones-help-searches-lost-hikers-1102},
journal={MIT News},
author={Rob Matheson},
year={2018},
month={Nov}
}

@ARTICLE{GUPTA2016,
  author={Gupta, Lav and Jain, Raj and Vaszkun, Gabor},
  journal={IEEE Communications Surveys and Tutorials}, 
  title={Survey of Important Issues in UAV Communication Networks}, 
  year={2016},
  volume={18},
  number={2},
  pages={1123-1152},
  doi={10.1109/COMST.2015.2495297}}

@ARTICLE{VEGETACION2017,
  author={J. Senthilnath, Manasa Kandukuri, Akanksha Dokania},
  journal={Computers and Electronics in Agriculture}, 
  title={Application of UAV imaging platform for vegetation analysis based on spectral-spatial methods}, 
  year={2017},
  volume={Volume 140},
  number={0168-1699},
  pages={8-24},
  doi={10.1016/j.compag.2017.05.027}}

@ARTICLE{SELIN2019,
  author={Selin, Magnus and Tiger, Mattias and Duberg, Daniel and Heintz, Fredrik and Jensfelt, Patric},
  journal={IEEE Robotics and Automation Letters}, 
  title={Efficient Autonomous Exploration Planning of Large-Scale 3-D Environments}, 
  year={2019},
  volume={4},
  number={2},
  pages={1699-1706},
  doi={10.1109/LRA.2019.2897343}}

@misc{Subahani2020,
  doi = {10.1002/9781119681328.ch6},
  url = {https://doi.org/10.1002/9781119681328.ch6},
  year = {2020},
  month = jul,
  publisher = {Wiley},
  pages = {105--126},
  author = {A. Mahaboob Subahani and M. Kathiresh and S. Sanjeev},
  title = {Transmission Line Inspection Using Unmanned Aerial Vehicle}
}

@ARTICLE{ROADS2017,
  author={Zhou, Hailing and Kong, Hui and Wei, Lei and Creighton, Douglas and Nahavandi, Saeid},
  journal={IEEE Transactions on Intelligent Transportation Systems}, 
  title={On Detecting Road Regions in a Single UAV Image}, 
  year={2017},
  volume={18},
  number={7},
  pages={1713-1722},
  doi={10.1109/TITS.2016.2622280}}

@article{ramirez2001,
title={Collision-free path planning for nonholonomic mobile robots using a new obstacle representation in the velocity space},
volume={19},
DOI={10.1017/S0263574701003484},
number={5},
journal={Robotica},
publisher={Cambridge University Press},
author={Ramirez, Gabriel and Zeghloul, Said},
year={2001},
pages={543-555}
}

@mastersthesis{CINVES2013,
    author        = {Sandoval-Garc\'{i}a, Humberto},
    title         = {Generaci\'{o}n de mapas utilizando veh\'{i}culos a\'{e}reos no tripulados de baja altitud},
    year          = {2013},
    month = {Febrero},
    school = {CINVESTAV Unidad Tamaulipas},
}

@phdthesis{CIESLEWSKI2021,
    author = {Cieslewski, Titus},
    title  = {Decentralized Multi-Agent Visual SLAM},
    year = {2021},
    month = {Febrero},
    school = {University of Zurich},
    url={https://rpg.ifi.uzh.ch/docs/thesis_Cieslewski_final.pdf}
}

@phdthesis{CINVESTAM2013,
    author        = {Elizondo-Leal, Juan Carlos},
    title         = {Estrategia Descentralizada para la Exploraci\'{o}n Multi-Robot, incluyendo Restricciones en Rango de Comunicaci\'{o}n},
        year          = {2013},
    month = {Junio},
    school = {CINVESTAV Unidad Tamaulipas},
}

@mastersthesis{CINVES2015,
    author        = {Villanueva-Grijalva, Omar Abraham},
    title         = {Control de un veh\'{i}culo a\'{e}reo no tripulado (AUV) para reconocimiento en interiores},
    journal  = {Msc. Thesis Cinvestav},
    year          = {2015},
    month = {Septiembre},
    school = {CINVESTAV Unidad Guadalajara},
    url = {https://repositorio.cinvestav.mx/handle/cinvestav/405}
}

@article{Zhang2020,
  title = {Falco, Fast likelihood based collision avoidance with extension to human guided navigation},
  volume = {37},
  ISSN = {1556-4967},
  url = {http://dx.doi.org/10.1002/rob.21952},
  DOI = {10.1002/rob.21952},
  number = {8},
  journal = {Journal of Field Robotics},
  publisher = {Wiley},
  author = {Zhang,  Ji and Hu,  Chen and Chadha,  Rushat Gupta and Singh,  Sanjiv},
  year = {2020},
  month = {Abril}
}

@ARTICLE{BARTOLOMEI2023,
  author={Bartolomei, Luca and Teixeira, Lucas and Chli, Margarita},
  journal={IEEE Robotics and Automation Letters}, 
  title={Fast Multi-UAV Decentralized Exploration of Forests}, 
  year={2023},
  volume={8},
  number={9},
  pages={5576-5583},
  doi={10.1109/LRA.2023.3296037}}

@ARTICLE{HybridCampos2017,
author={Campos-Mac\'{i}as, Leobardo and G\'{o}mez-Guti\'{e}rrez, David and Aldana-L\'{o}pez, Rodrigo and de la Guardia, Rafael and Parra-Vilchis, Jos\'{e} I.},
journal={IEEE Robotics and Automation Letters},
title={A Hybrid Method for Online Trajectory Planning of Mobile Robots in Cluttered Environments},
year={2017},
volume={2},
number={2},
pages={935-942},
doi={10.1109/LRA.2017.2655145}} 

@article{CINVES2021,
	doi = {10.1002/rob.21959},
	url = {https://doi.org/10.1002/rob.21959},
	year = 2020,
	month = {may},
	publisher = {Wiley},
	volume = {38},
	number = {2},
	pages = {307--326},
	author = {Leobardo Campos-Mac\'{i}as and Rodrigo Aldana-L\'{o}pez and Rafael Guardia and Jos\'{e} I. Parra-Vilchis and David G\'{o}mez-Guti\'{e}rrez},
	title = {Autonomous navigation of {MAVs} in unknown cluttered environments}, 
	journal = {Journal of Field Robotics}
}

@INPROCEEDINGS{COLLINS2019,
  author={Collins, Matthew and Michael, Nathan},
  booktitle={2020 IEEE International Conference on Robotics and Automation (ICRA)}, 
  title={Efficient Planning for High-Speed MAV Flight in Unknown Environments Using Online Sparse Topological Graphs}, 
  year={2020},
  volume={},
  number={},
  pages={11450-11456},
  doi={10.1109/ICRA40945.2020.9197167}}



@INPROCEEDINGS{CIESLEWSKI2017,
  author={Cieslewski, Titus and Kaufmann, Elia and Scaramuzza, Davide},
  booktitle={2017 IEEE/RSJ International Conference on Intelligent Robots and Systems (IROS)}, 
  title={Rapid exploration with multi-rotors: A frontier selection method for high speed flight}, 
  year={2017},
  volume={},
  number={},
  pages={2135-2142},
  doi={10.1109/IROS.2017.8206030}}

@INPROCEEDINGS{PAPACHRISTOS2017,
  author={Papachristos, Christos and Khattak, Shehryar and Alexis, Kostas},
  booktitle={2017 IEEE International Conference on Robotics and Automation (ICRA)}, 
  title={Uncertainty-aware receding horizon exploration and mapping using aerial robots}, 
  year={2017},
  volume={},
  number={},
  pages={4568-4575},
  doi={10.1109/ICRA.2017.7989531}}

@article{OLEYNIKOVA2018,
	doi = {10.1109/lra.2018.2800109},
	url = {https://doi.org/10.1109/lra.2018.2800109},
	year = 2018,
	month = {jul},
	publisher = {Institute of Electrical and Electronics Engineers ({IEEE})},
	volume = {3},
	number = {3},
	pages = {1474--1481},
	author = {Helen Oleynikova and Zachary Taylor and Roland Siegwart and Juan Nieto},
	title = {Safe Local Exploration for Replanning in Cluttered Unknown Environments for Microaerial Vehicles}, 
	journal = {{IEEE} Robotics and Automation Letters}
}

@INPROCEEDINGS{9836079,
  author={Farooq, Adil and Laoudias, Christos and Kolios, Panayiotis S. and Theocharides, Theocharis},
  booktitle={2022 International Conference on Unmanned Aircraft Systems (ICUAS)}, 
  title={Quantitative and Qualitative Assessment of Indoor Exploration Algorithms for Autonomous UAVs}, 
  year={2022},
  volume={},
  number={},
  pages={487-496},
  doi={10.1109/ICUAS54217.2022.9836079}}


@INPROCEEDINGS{GAO2018,
  author={Gao, Fei and Wu, William and Lin, Yi and Shen, Shaojie},
  booktitle={2018 IEEE International Conference on Robotics and Automation (ICRA)}, 
  title={Online Safe Trajectory Generation for Quadrotors Using Fast Marching Method and Bernstein Basis Polynomial}, 
  year={2018},
  volume={},
  number={},
  pages={344-351},
  doi={10.1109/ICRA.2018.8462878}}

@misc{FLORENCE2018,
      title={NanoMap: Fast, Uncertainty-Aware Proximity Queries with Lazy Search over Local 3D Data}, 
      author={Peter R. Florence and John Carter and Jake Ware and Russ Tedrake},
      year={2018},
      eprint={1802.09076},
      archivePrefix={arXiv},
      primaryClass={cs.RO}
}

@inproceedings{USENKO2017,
	doi = {10.1109/iros.2017.8202160},
	url = {https://doi.org/10.1109/iros.2017.8202160},
	year = 2017,
	month = {sep},
	publisher = {{IEEE}
},
	author = {Vladyslav Usenko and Lukas von Stumberg and Andrej Pangercic and Daniel Cremers},
	title = {Real-time trajectory replanning for {MAVs} using uniform B-splines and a 3D circular buffer}, 
	booktitle = {2017 {IEEE}/{RSJ} International Conference on Intelligent Robots and Systems ({IROS})}
}

@article{MOHTA2017,
  doi = {10.1002/rob.21774},
  url = {https://doi.org/10.1002/rob.21774},
  year = {2017},
  month = dec,
  publisher = {Wiley},
  volume = {35},
  number = {1},
  pages = {101--120},
  author = {Kartik Mohta and Michael Watterson and Yash Mulgaonkar and Sikang Liu and Chao Qu and Anurag Makineni and Kelsey Saulnier and Ke Sun and Alex Zhu and Jeffrey Delmerico and Konstantinos Karydis and Nikolay Atanasov and Giuseppe Loianno and Davide Scaramuzza and Kostas Daniilidis and Camillo Jose Taylor and Vijay Kumar},
  title = {Fast,  autonomous flight in {GPS}-denied and cluttered environments},
  journal = {Journal of Field Robotics}
}

@article{LIN2017,
  doi = {10.1002/rob.21732},
  url = {https://doi.org/10.1002/rob.21732},
  year = {2017},
  month = jul,
  publisher = {Wiley},
  volume = {35},
  number = {1},
  pages = {23--51},
  author = {Yi Lin and Fei Gao and Tong Qin and Wenliang Gao and Tianbo Liu and William Wu and Zhenfei Yang and Shaojie Shen},
  title = {Autonomous aerial navigation using monocular visual-inertial fusion},
  journal = {Journal of Field Robotics}
}

@misc{WESTHEIDER2023,
      title={Multi-UAV Adaptive Path Planning Using Deep Reinforcement Learning}, 
      author={Jonas Westheider and Julius R{\"u}ckin and Marija Popovi{\.c}},
      year={2023},
      eprint={2303.01150},
      archivePrefix={arXiv},
      primaryClass={cs.RO}
}

@article{DARPA2022,
  doi = {10.55417/fr.2022055},
  url = {https://doi.org/10.55417/fr.2022055},
  year = {2022},
  month = mar,
  publisher = {Field Robotics Publication Society},
  volume = {2},
  number = {1},
  pages = {1779--1818},
  author = {Tom\'{a}\v{s} Rou\v{c}ek and Martin Pecka and Petr \v{C}\'{\i}\v{z}ek and Tom\'{a}\v{s} Pet\v{r}\'\i\v{c}ek and Jan Bayer and Vojt\v{e}ch \v{S}alansk\'{y} and Teymur Azayev and Daniel He\v{r}t and Mat\v{e}j Petrl\'{i}k and Tom\'{a}\v{s} B\'{a}\v{c}a and Vojtech Spurn\'y and V\'{i}t Kr\'{a}tky\'{y} and Pavel Petr\'{a}\v{c}ek and Dominic Baril and Maxime Vaidis and Vladim\'{i}r Kubelka and Fran\c{c}ois Pomerleau and Jan Faigl and Karel Zimmermann and Martin Saska and Tom\'{a}\v{s} Svoboda and Tom\'{a}\v{s} Krajn\'{i}k},
  title = {System for multi-robotic exploration of underground environments {CTU}-{CRAS}-{NORLAB} in the {DARPA} Subterranean Challenge},
  journal = {Field Robotics}
}

@INPROCEEDINGS{SHEN2011,
  author={Shen, Shaojie and Michael, Nathan and Kumar, Vijay},
  booktitle={2011 IEEE International Conference on Robotics and Automation}, 
  title={Autonomous multi-floor indoor navigation with a computationally constrained MAV}, 
  year={2011},
  volume={},
  number={},
  pages={20-25},
  doi={10.1109/ICRA.2011.5980357}}

@INPROCEEDINGS{FRAUNDORFER2012,
  author={Fraundorfer, Friedrich and Heng, Lionel and Honegger, Dominik and Lee, Gim Hee and Meier, Lorenz and Tanskanen, Petri and Pollefeys, Marc},
  booktitle={2012 IEEE/RSJ International Conference on Intelligent Robots and Systems}, 
  title={Vision-based autonomous mapping and exploration using a quadrotor MAV}, 
  year={2012},
  volume={},
  number={},
  pages={4557-4564},
  doi={10.1109/IROS.2012.6385934}}

@ARTICLE{ARMIN2013,
  author = {Armin Hornung and Kai M. Wurm and Maren Bennewitz and Cyrill
  Stachniss and Wolfram Burgard},
  title = {{OctoMap}: An Efficient Probabilistic {3D} Mapping Framework Based
  on Octrees},
  journal = {Autonomous Robots},
  year = 2013,
  url = {https://octomap.github.io},
  doi = {10.1007/s10514-012-9321-0},
  note = {Software available at \url{https://octomap.github.io}}
}