
% Journals 

% First the Full Name is given, then the abbreviation used in the AMS Math
% Reviews, with an indication if it could not be found there.
% Note the 2nd overwrites the 1st, so swap them if you want the full name.

 %{AMS}
 @String{AMSTrans = "American Mathematical Society Translations" }
 @String{AMSTrans = "Amer. Math. Soc. Transl." }
 @String{BullAMS = "Bulletin of the American Mathematical Society" }
 @String{BullAMS = "Bull. Amer. Math. Soc." }
 @String{ProcAMS = "Proceedings of the American Mathematical Society" }
 @String{ProcAMS = "Proc. Amer. Math. Soc." }
 @String{TransAMS = "Transactions of the American Mathematical Society" }
 @String{TransAMS = "Trans. Amer. Math. Soc." }

 %ACM
 @String{CACM = "Communications of the {ACM}" }
 @String{CACM = "Commun. {ACM}" }
 @String{CompServ = "Comput. Surveys" }
 @String{JACM = "J. ACM" }
 @String{ACMMathSoft = "{ACM} Transactions on Mathematical Software" }
 @String{ACMMathSoft = "{ACM} Trans. Math. Software" }
 @String{SIGNUM = "{ACM} {SIGNUM} Newsletter" }
 @String{SIGNUM = "{ACM} {SIGNUM} Newslett." }

 @String{AmerSocio = "American Journal of Sociology" }
 @String{AmerStatAssoc = "Journal of the American Statistical Association" }
 @String{AmerStatAssoc = "J. Amer. Statist. Assoc." }
 @String{ApplMathComp = "Applied Mathematics and Computation" }
 @String{ApplMathComp = "Appl. Math. Comput." }
 @String{AmerMathMonthly = "American Mathematical Monthly" }
 @String{AmerMathMonthly = "Amer. Math. Monthly" }
 @String{BIT = "{BIT}" }
 @String{BritStatPsych = "British Journal of Mathematical and Statistical
          Psychology" }
 @String{BritStatPsych = "Brit. J. Math. Statist. Psych." }
 @String{CanMathBull = "Canadian Mathematical Bulletin" }
 @String{CanMathBull = "Canad. Math. Bull." }
 @String{CompApplMath = "Journal of Computational and Applied Mathematics" }
 @String{CompApplMath = "J. Comput. Appl. Math." }
 @String{CompPhys = "Journal of Computational Physics" }
 @String{CompPhys = "J. Comput. Phys." }
 @String{CompStruct = "Computers and Structures" }
 @String{CompStruct = "Comput. \& Structures" }
 @String{CompJour = "The Computer Journal" }
 @String{CompJour = "Comput. J." }
 @String{CompSysSci = "Journal of Computer and System Sciences" }
 @String{CompSysSci = "J. Comput. System Sci." }
 @String{Computing = "Computing" }
 @String{ContempMath = "Contemporary Mathematics" }
 @String{ContempMath = "Contemp. Math." }
 @String{Crelle = "Crelle's Journal" }
 @String{GiornaleMath = "Giornale di Mathematiche" }
 @String{GiornaleMath = "Giorn. Mat." } % didn't find in AMS MR., ibid.

 %IEEE
 @String{Computer = "{IEEE} Computer" }
 @String{IEEETransComp = "{IEEE} Transactions on Computers" }
 @String{IEEETransComp = "{IEEE} Trans. Comput." }
 @String{IEEETransAC = "{IEEE} Transactions on Automatic Control" }
 @String{IEEETransAC = "{IEEE} Trans. Automat. Control" }
 @String{IEEESpec = "{IEEE} Spectrum" } % didn't find in AMS MR
 @String{ProcIEEE = "Proceedings of the {IEEE}" }
 @String{ProcIEEE = "Proc. {IEEE}" } % didn't find in AMS MR
 @String{IEEETransAeroElec = "{IEEE} Transactions on Aerospace and Electronic
     Systems" }
 @String{IEEETransAeroElec = "{IEEE} Trans. Aerospace Electron. Systems" }

 @String{IMANumerAna = "{IMA} Journal of Numerical Analysis" }
 @String{IMANumerAna = "{IMA} J. Numer. Anal." }
 @String{InfProcLet = "Information Processing Letters" }
 @String{InfProcLet = "Inform. Process. Lett." }
 @String{InstMathApp = "Journal of the Institute of Mathematics and
     its Applications" }
 @String{InstMathApp = "J. Inst. Math. Appl." }
 @String{IntControl = "International Journal of Control" }
 @String{IntControl = "Internat. J. Control" }
 @String{IntNumerEng = "International Journal for Numerical Methods in
     Engineering" }
 @String{IntNumerEng = "Internat. J. Numer. Methods Engrg." }
 @String{IntSuper = "International Journal of Supercomputing Applications" }
 @String{IntSuper = "Internat. J. Supercomputing Applic." } % didn't find
%% in AMS MR
 @String{Kibernetika = "Kibernetika" }
 @String{JResNatBurStand = "Journal of Research of the National Bureau
     of Standards" }
 @String{JResNatBurStand = "J. Res. Nat. Bur. Standards" }
 @String{LinAlgApp = "Linear Algebra and its Applications" }
 @String{LinAlgApp = "Linear Algebra Appl." }
 @String{MathAnaAppl = "Journal of Mathematical Analysis and Applications" }
 @String{MathAnaAppl = "J. Math. Anal. Appl." }
 @String{MathAnnalen = "Mathematische Annalen" }
 @String{MathAnnalen = "Math. Ann." }
 @String{MathPhys = "Journal of Mathematical Physics" }
 @String{MathPhys = "J. Math. Phys." }
 @String{MathComp = "Mathematics of Computation" }
 @String{MathComp = "Math. Comp." }
 @String{MathScand = "Mathematica Scandinavica" }
 @String{MathScand = "Math. Scand." }
 @String{TablesAidsComp = "Mathematical Tables and Other Aids to Computation" }
 @String{TablesAidsComp = "Math. Tables Aids Comput." }
 @String{NumerMath = "Numerische Mathematik" }
 @String{NumerMath = "Numer. Math." }
 @String{PacificMath = "Pacific Journal of Mathematics" }
 @String{PacificMath = "Pacific J. Math." }
 @String{ParDistComp = "Journal of Parallel and Distributed Computing" }
 @String{ParDistComp = "J. Parallel and Distrib. Comput." } % didn't find
%% in AMS MR
 @String{ParComputing = "Parallel Computing" }
 @String{ParComputing = "Parallel Comput." }
 @String{PhilMag = "Philosophical Magazine" }
 @String{PhilMag = "Philos. Mag." }
 @String{ProcNAS = "Proceedings of the National Academy of Sciences
                    of the USA" }
 @String{ProcNAS = "Proc. Nat. Acad. Sci. U. S. A." }
 @String{Psychometrika = "Psychometrika" }
 @String{QuartMath = "Quarterly Journal of Mathematics, Oxford, Series (2)" }
 @String{QuartMath = "Quart. J. Math. Oxford Ser. (2)" }
 @String{QuartApplMath = "Quarterly of Applied Mathematics" }
 @String{QuartApplMath = "Quart. Appl. Math." }
 @String{RevueInstStat = "Review of the International Statisical Institute" }
 @String{RevueInstStat = "Rev. Inst. Internat. Statist." }

 %SIAM
 @String{JSIAM = "Journal of the Society for Industrial and Applied
     Mathematics" }
 @String{JSIAM = "J. Soc. Indust. Appl. Math." }
 @String{JSIAMB = "Journal of the Society for Industrial and Applied
     Mathematics, Series B, Numerical Analysis" }
 @String{JSIAMB = "J. Soc. Indust. Appl. Math. Ser. B Numer. Anal." }
 @String{SIAMAlgMeth = "{SIAM} Journal on Algebraic and Discrete Methods" }
 @String{SIAMAlgMeth = "{SIAM} J. Algebraic Discrete Methods" }
 @String{SIAMAppMath = "{SIAM} Journal on Applied Mathematics" }
 @String{SIAMAppMath = "{SIAM} J. Appl. Math." }
 @String{SIAMComp = "{SIAM} Journal on Computing" }
 @String{SIAMComp = "{SIAM} J. Comput." }
 @String{SIAMMatrix = "{SIAM} Journal on Matrix Analysis and Applications" }
 @String{SIAMMatrix = "{SIAM} J. Matrix Anal. Appl." }
 @String{SIAMNumAnal = "{SIAM} Journal on Numerical Analysis" }
 @String{SIAMNumAnal = "{SIAM} J. Numer. Anal." }
 @String{SIAMReview = "{SIAM} Review" }
 @String{SIAMReview = "{SIAM} Rev." }
 @String{SIAMSciStat = "{SIAM} Journal on Scientific and Statistical
     Computing" }
 @String{SIAMSciStat = "{SIAM} J. Sci. Statist. Comput." }

 @String{SoftPracExp = "Software Practice and Experience" }
 @String{SoftPracExp = "Software Prac. Experience" } % didn't find in AMS MR
 @String{StatScience = "Statistical Science" }
 @String{StatScience = "Statist. Sci." }
 @String{Techno = "Technometrics" }
 @String{USSRCompMathPhys = "{USSR} Computational Mathematics and Mathematical
     Physics" }
 @String{USSRCompMathPhys = "{U. S. S. R.} Comput. Math. and Math. Phys." }
 @String{VLSICompSys = "Journal of {VLSI} and Computer Systems" }
 @String{VLSICompSys = "J. {VLSI} Comput. Syst." }
 @String{ZAngewMathMech = "Zeitschrift fur Angewandte Mathematik und
     Mechanik" }
 @String{ZAngewMathMech = "Z. Angew. Math. Mech." }
 @String{ZAngewMathPhys = "Zeitschrift fur Angewandte Mathematik und Physik" }
 @String{ZAngewMathPhys = "Z. Angew. Math. Phys." }

% Publishers % ================================================= |

 @String{Academic = "Academic Press" }
 @String{ACMPress = "{ACM} Press" }
 @String{AdamHilger = "Adam Hilger" }
 @String{AddisonWesley = "Addison-Wesley" }
 @String{AllynBacon = "Allyn and Bacon" }
 @String{AMS = "American Mathematical Society" }
 @String{Birkhauser = "Birkha{\"u}ser" }
 @String{CambridgePress = "Cambridge University Press" }
 @String{Chelsea = "Chelsea" }
 @String{ClaredonPress = "Claredon Press" }
 @String{DoverPub = "Dover Publications" }
 @String{Eyolles = "Eyolles" }
 @String{HoltRinehartWinston = "Holt, Rinehart and Winston" }
 @String{Interscience = "Interscience" }
 @String{JohnsHopkinsPress = "The Johns Hopkins University Press" }
 @String{JohnWileySons = "John Wiley and Sons" }
 @String{Macmillan = "Macmillan" }
 @String{MathWorks = "The Math Works Inc." }
 @String{McGrawHill = "McGraw-Hill" }
 @String{NatBurStd = "National Bureau of Standards" }
 @String{NorthHolland = "North-Holland" }
 @String{OxfordPress = "Oxford University Press" }  %address Oxford or London?
 @String{PergamonPress = "Pergamon Press" }
 @String{PlenumPress = "Plenum Press" }
 @String{PrenticeHall = "Prentice-Hall" }
 @String{SIAMPub = "{SIAM} Publications" }
 @String{Springer = "Springer-Verlag" }
 @String{TexasPress = "University of Texas Press" }
 @String{VanNostrand = "Van Nostrand" }
 @String{WHFreeman = "W. H. Freeman and Co." }

%Entries

@Article{Abril07,
  author        = "Patricia S. Abril and Robert Plant",
  title         = "The patent holder's dilemma: Buy, sell, or troll?",
  journal       = "Communications of the ACM",
  volume        = "50",
  number        = "1",
  month         = jan,
  year          = "2007",
  pages         = "36--44",
  doi           = "10.1145/1188913.1188915",
  url           = "http://doi.acm.org/10.1145/1219092.1219093",
  note          = "",
}

@Article{Cohen07,
  author        = "Sarah Cohen and Werner Nutt and Yehoshua Sagic",
  title         = "Deciding equivalances among conjunctive aggregate queries",
  journal       = JACM,
  articleno     = 5,
  numpages      = 50,
  volume        = 54,
  number        = 2,
  month         = apr,
  year          = 2007,
  doi           = "10.1145/1219092.1219093",
  url           = "http://doi.acm.org/10.1145/1219092.1219093",
  acmid         = 1219093,
}


@periodical{JCohen96,
  key =          "Cohen",
  editor =       "Jacques Cohen",
  title =        "Special issue: Digital Libraries",
  journal =      CACM,
  volume =       "39",
  number =       "11",
  month =        nov,
  year =         "1996",
}


@Book{Kosiur01,
  author =       "David Kosiur",
  title =        "Understanding Policy-Based Networking",
  publisher =    "Wiley",
  year =         "2001",
  address =      "New York, NY",
  edition =      "2nd.",
  editor =       "",
  volume =       "",
  number =       "",
  series =       "",
  month =        "",
  note =         "",
}


@Book{Harel79,
  author =       "David Harel",
  year =         "1979",
  title =        "First-Order Dynamic Logic",
  series =       "Lecture Notes in Computer Science",
  volume =       "68",
  address =      "New York, NY",
  publisher =    "Springer-Verlag",
  doi =          "10.1007/3-540-09237-4",
  url =          "http://dx.doi.org/10.1007/3-540-09237-4",
  editor =       "",
  number =       "",
  month =        "",
  note =         "",
}


@Inbook{Editor00,
  author =       "",
  editor =       "Ian Editor",
  title =        "The title of book one",
  subtitle =     "The book subtitle",
  series =       "The name of the series one",
  year =         "2007",
  volume =       "9",
  address =      "Chicago",
  edition =      "1st.",
  publisher =    "University of Chicago Press",
  doi =          "10.1007/3-540-09237-4",
  url =          "http://dx.doi.org/10.1007/3-540-09456-9",
  chapter =      "",
  pages =        "",
  number =       "",
  type =         "",
  month =        "",
  note =         "",
}

%
@InBook{Editor00a,
  author =       "",
  editor =       "Ian Editor",
  title =        "The title of book two",
  subtitle =     "The book subtitle",
  series =       "The name of the series two",
  year =         "2008",
  address =      "Chicago",
  edition =      "2nd.",
  publisher =    "University of Chicago Press",
  doi =          "10.1007/3-540-09237-4",
  url =          "http://dx.doi.org/10.1007/3-540-09456-9",
  volume =       "",
  chapter =      "100",
  pages =        "",
  number =       "",
  type =         "",
  month =        "",
  note =         "",
}


% incollection (has an editor, title, and possibly a booktitle)
@Incollection{Spector90,
  author =       "Asad Z. Spector",
  title =        "Achieving application requirements",
  booktitle =    "Distributed Systems",
  publisher =    "ACM Press",
  address =      "New York, NY",
  year =         "1990",
  edition =      "2nd.",
  chapter =      "",
  editor =       "Sape Mullender",
  pages =        "19--33",
  doi =          "10.1145/90417.90738",
  url =          "http://doi.acm.org/10.1145/90417.90738",
  volume =       "",
  number =       "",
  series =       "",
  type =         "",
  month =        "",
  note =         "",
}


% incollection (has an editor, title, and possibly a booktitle)
@Incollection{Douglass98,
  author =       "Bruce P. Douglass and David Harel and Mark B. Trakhtenbrot",
  title =        "Statecarts in use: structured analysis and object-orientation",
  series =       "Lecture Notes in Computer Science",
  booktitle =    "Lectures on Embedded Systems",
  publisher =    "Springer-Verlag",
  address =      "London",
  volume =       "1494",
  year =         "1998",
  chapter =      "",
  editor =       "Grzegorz Rozenberg and Frits W. Vaandrager",
  pages =        "368--394",
  doi =          "10.1007/3-540-65193-4_29",
  url =          "http://dx.doi.org/10.1007/3-540-65193-4_29",
  edition =      "",
  number =       "",
  type =         "",
  month =        "",
  note =         "",
}


@Book{Knuth97,
  author =       "Donald E. Knuth",
  title =        "The Art of Computer Programming, Vol. 1: Fundamental Algorithms (3rd. ed.)",
  publisher =    "Addison Wesley Longman Publishing Co., Inc.",
  year =         "1997",
  address =      "",
  edition =      "",
  editor =       "",
  volume =       "",
  number =       "",
  series =       "",
  month =        "",
  note =         "",
}


@Book{Knuth98,
  author =       "Donald E. Knuth",
  year =         "1998",
  title =        "The Art of Computer Programming",
  series =       "Fundamental Algorithms",
  volume =       "1",
  edition =      "3rd",
  address =      "",
  publisher =    "Addison Wesley Longman Publishing Co., Inc.",
  doi =          "",
  url =          "",
  editor =       "",
  number =       "",
  month =        "",
  note =         "(book)",
}

%Inbook{Knuth97,
%  author =       "Donald E. Knuth",
%  title =        "The Art of Computer Programming",
%  booktitle =    "the booktitle",
%  edition =      "3",
%  volume =       "1",
%  year =         "1997",
%  publisher =    "Addison Wesley Longman Publishing Co., Inc.",
%  editor =       "",
%  number =       "",
%  series =       "Fundamental Algorithms",
%  type =         "",
%  chapter =      "",
%  pages =        "",
%  address =      "",
%  month =        "",
%  note =         "(inbook)",
%}

%INBOOK{DK:73-inbook-full,
%   author = "Donald E. Knuth",
%   title = "Fundamental Algorithms (inbook w series)",
%   volume = 1,
%   series = "The Art of Computer Programming",
%   publisher = "Addison-Wesley",
%   address = "Reading, Massachusetts",
%   edition = "Second",
%   month = "10~" # jan,
%   year = "1973",
%   type = "Section",
%   chapter = "1.2",
%   pages = "10--119",
%   note = "Full INBOOK entry (w series)",
%}

%INcollection{DK:74-incoll,
%   author = "Donald E. Knuth",
%   title = "Fundamental Algorithms (incoll)",
%   volume = 1,
%   booktitle = "The Art of Computer Programming",
%   publisher = "Addison-Wesley",
%   address = "Reading, Massachusetts",
%   month = "10~" # jan,
%   year = "1974",
%   pages = "10--119",
%   editor = "Bernard Rous",
%   note = "This is a full incoll entry with an editor",
%}

%INcollection{DK:75-incollws,
%   author = "Donald E. Knuth",
%   title = "Fundamental Algorithms (incoll w series)",
%   volume = 1,
%   booktitle = "The Art of Computer Programming",
%   series = "The Art of Computer Programming",
%   publisher = "Addison-Wesley",
%   address = "Reading, Massachusetts",
%   month = "10~" # jan,
%   year = "1975",
%   pages = "10--119",
%   editor = "Bernard Rous",
%   note = "This is a full incoll entry with an editor and series",
%}


@incollection{GM05,
Author= "Dan Geiger and Christopher Meek",
Title= "Structured Variational Inference Procedures and their Realizations (as incol)",
Year= 2005,
Booktitle="Proceedings of Tenth International Workshop on Artificial Intelligence and Statistics, {\rm The Barbados}",
Publisher="The Society for Artificial Intelligence and Statistics",
Month= jan,
Editors= "Z. Ghahramani and R. Cowell"
}

@Inproceedings{Smith10,
  author =       "Stan W. Smith",
  title =        "An experiment in bibliographic mark-up: Parsing metadata for XML export",
  booktitle =    "Proceedings of the 3rd. annual workshop on Librarians and Computers",
  series =       "LAC '10",
  editor =       "Reginald N. Smythe and Alexander Noble",
  volume =       "3",
  year =         "2010",
  publisher =    "Paparazzi Press",
  address =      "Milan Italy",
  pages =        "422--431",
  doi =          "99.9999/woot07-S422",
  url =          "http://dx.doi.org/99.0000/woot07-S422",
  number =       "",
  month =        "",
  organization = "",
  note =         "",
}

@Inproceedings{VanGundy07,
  author =       "Matthew Van Gundy and Davide Balzarotti and Giovanni Vigna",
  year =         2007,
  title =        "Catch me, if you can: Evading network signatures with web-based polymorphic worms",
  booktitle =    "Proceedings of the first USENIX workshop on Offensive Technologies",
  series =       "WOOT '07",
  publisher =    "USENIX Association",
  address =      "Berkley, CA",
  articleno =    {Paper 7},
  numpages =     9,
}

@Inproceedings{VanGundy08,
  author =       "Matthew Van Gundy and Davide Balzarotti and Giovanni Vigna",
  year =         2008,
  title =        "Catch me, if you can: Evading network signatures with web-based polymorphic worms",
  booktitle =    "Proceedings of the first USENIX workshop on Offensive Technologies",
  series =       "WOOT '08",
  publisher =    "USENIX Association",
  address =      "Berkley, CA",
  articleno =    7,
  numpages =     2,
  pages =        "99-100",
}

@Inproceedings{VanGundy09,
  author =       "Matthew Van Gundy and Davide Balzarotti and Giovanni Vigna",
  year =         2009,
  title =        "Catch me, if you can: Evading network signatures with web-based polymorphic worms",
  booktitle =    "Proceedings of the first USENIX workshop on Offensive Technologies",
  series =       "WOOT '09",
  publisher =    "USENIX Association",
  address =      "Berkley, CA",
  pages =        "90--100",
}

@Inproceedings{Andler79,
  author =       "Sten Andler",
  title =        "Predicate Path expressions",
  booktitle =    "Proceedings of the 6th. ACM SIGACT-SIGPLAN symposium on Principles of Programming Languages",
  series =       "POPL '79",
  year =         "1979",
  publisher =    "ACM Press",
  address =      "New York, NY",
  pages =        "226--236",
  doi =          "10.1145/567752.567774",
  url =          "http://doi.acm.org/10.1145/567752.567774",
  editor =       "",
  volume =       "",
  number =       "",
  month =        "",
  organization = "",
  note =         "",
}

@Techreport{Harel78,
  author =       "David Harel",
  year =         "1978",
  title =        "LOGICS of Programs: AXIOMATICS and DESCRIPTIVE POWER",
  institution =  "Massachusetts Institute of Technology",
  type =         "MIT Research Lab Technical Report",
  number =       "TR-200",
  address =      "Cambridge, MA",
  month =        "",
  note =         "",
}

@MASTERSTHESIS{anisi03,
author = {David A. Anisi},
title = {Optimal Motion Control of a Ground Vehicle},
school = {Royal Institute of Technology (KTH), Stockholm, Sweden},
intitution = {FOI-R-0961-SE, Swedish Defence Research Agency (FOI)},
year = {2003},
}


@Phdthesis{Clarkson85,
  author =       "Kenneth L. Clarkson",
  year =         "1985",
  title =        "Algorithms for Closest-Point Problems (Computational Geometry)",
  school =       "Stanford University",
  address =      "Palo Alto, CA",
  note =         "UMI Order Number: AAT 8506171",
  type =         "",
  month =        "",
}


@online{Thornburg01,
  author =       "Harry Thornburg",
  year =         "2001",
  title =        "Introduction to Bayesian Statistics",
  url =          "http://ccrma.stanford.edu/~jos/bayes/bayes.html",
  month =        mar,
  lastaccessed = "March 2, 2005",
}


@online{Ablamowicz07,
  author =       "Rafal Ablamowicz and Bertfried Fauser",
  year =         "2007",
  title =        "CLIFFORD: a Maple 11 Package for Clifford Algebra Computations, version 11",
  url =          "http://math.tntech.edu/rafal/cliff11/index.html",
  lastaccessed = "February 28, 2008",
}


@misc{Poker06,
  author =       "Poker-Edge.Com",
  year =         "2006",
  month =        mar,
  title =        "Stats and Analysis",
  lastaccessed = "June 7, 2006",
  url =          "http://www.poker-edge.com/stats.php",
}

@misc{Obama08,
  author        = "Barack Obama",
  year          = "2008",
  title         = "A more perfect union",
  howpublished  = "Video",
  day           = "5",
  url           = "http://video.google.com/videoplay?docid=6528042696351994555",
  month         = mar,
  lastaccessed  = "March 21, 2008",
  note          =  "",
}

@misc{JoeScientist001,
  author =       "Joseph Scientist",
  year =         "2009",
  title =        "The fountain of youth",
  note =         "Patent No. 12345, Filed July 1st., 2008, Issued Aug. 9th., 2009",
  url =          "",
  howpublished = "",
  month =        aug,
  lastaccessed = "",
}


@Inproceedings{Novak03,
  author =       "Dave Novak",
  title =        "Solder man",
  booktitle =    "ACM SIGGRAPH 2003 Video Review on Animation theater Program: Part I - Vol. 145 (July 27--27, 2003)",
  year =         "2003",
  publisher =    "ACM Press",
  address =      "New York, NY",
  pages =        "4",
  month =        "March 21, 2008",
  doi =          "99.9999/woot07-S422",
  url =          "http://video.google.com/videoplay?docid=6528042696351994555",
  note =         "",
  howpublished = "Video",
  editor =       "",
  volume =       "",
  number =       "",
  series =       "",
  organization = "",
}


@article{Lee05,
  author =       "Newton Lee",
  year =         "2005",
  title =        "Interview with Bill Kinder: January 13, 2005",
  journal =      "Comput. Entertain.",
  eid =          "4",
  volume =       "3",
  number =       "1",
  month =        "Jan.-March",
  doi =          "10.1145/1057270.1057278",
  url =          "http://doi.acm.org/10.1145/1057270.1057278",
  howpublished = "Video",
  note =         "",
}

@article{rous08,
  author =       "Bernard Rous",
  year =         "2008",
  title =        "The Enabling of Digital Libraries",
  journal =      "Digital Libraries",
  volume =       "12",
  number =       "3",
  month =        jul,
  articleno =    "Article~5",
  doi =          "",
  url =          "",
  howpublished = "",
  note =         "To appear",
}

@article{384253,
 author = {Werneck,, Renato and Setubal,, Jo\~{a}o and da Conceic\~{a}o,, Arlindo},
 title = {(old) Finding minimum congestion spanning trees},
 journal = {J. Exp. Algorithmics},
 volume = {5},
 year = {2000},
 issn = {1084-6654},
 pages = {11},
 doi = {http://doi.acm.org/10.1145/351827.384253},
 publisher = {ACM},
 address = {New York, NY, USA},
 }


@article{Werneck:2000:FMC:351827.384253,
 author = {Werneck, Renato and Setubal, Jo\~{a}o and da Conceic\~{a}o, Arlindo},
 title = {(new) Finding minimum congestion spanning trees},
 journal = {J. Exp. Algorithmics},
 volume = 5,
 month = dec,
 year = 2000,
 issn = {1084-6654},
 articleno = 11,
 url = {http://portal.acm.org/citation.cfm?id=351827.384253},
 doi = {10.1145/351827.384253},
 acmid = 384253,
 publisher = {ACM},
 address = {New York, NY, USA},
}

@article{1555162,
 author = {Conti, Mauro and Di Pietro, Roberto and Mancini, Luigi V. and Mei, Alessandro},
 title = {(old) Distributed data source verification in wireless sensor networks},
 journal = {Inf. Fusion},
 volume = {10},
 number = {4},
 year = {2009},
 issn = {1566-2535},
 pages = {342--353},
 doi = {http://dx.doi.org/10.1016/j.inffus.2009.01.002},
 publisher = {Elsevier Science Publishers B. V.},
 address = {Amsterdam, The Netherlands, The Netherlands},
 }

@article{Conti:2009:DDS:1555009.1555162,
 author = {Conti, Mauro and Di Pietro, Roberto and Mancini, Luigi V. and Mei, Alessandro},
 title = {(new) Distributed data source verification in wireless sensor networks},
 journal = {Inf. Fusion},
 volume = {10},
 number = {4},
 month = oct,
 year = {2009},
 issn = {1566-2535},
 pages = {342--353},
 numpages = {12},
 url = {http://portal.acm.org/citation.cfm?id=1555009.1555162},
 doi = {10.1016/j.inffus.2009.01.002},
 acmid = {1555162},
 publisher = {Elsevier Science Publishers B. V.},
 address = {Amsterdam, The Netherlands, The Netherlands},
 keywords = {Clone detection, Distributed protocol, Securing data fusion, Wireless sensor networks},
}

@inproceedings{Li:2008:PUC:1358628.1358946,
 author = {Li, Cheng-Lun and Buyuktur, Ayse G. and Hutchful, David K. and Sant, Natasha B. and Nainwal, Satyendra K.},
 title = {Portalis: using competitive online interactions to support aid initiatives for the homeless},
 booktitle = {CHI '08 extended abstracts on Human factors in computing systems},
 year = {2008},
 isbn = {978-1-60558-012-X},
 location = {Florence, Italy},
 pages = {3873--3878},
 numpages = {6},
 url = {http://portal.acm.org/citation.cfm?id=1358628.1358946},
 doi = {10.1145/1358628.1358946},
 acmid = {1358946},
 publisher = {ACM},
 address = {New York, NY, USA},
 keywords = {cscw, distributed knowledge acquisition, incentive design, online games, recommender systems, reputation systems, user studies, virtual community},
}

@book{Hollis:1999:VBD:519964,
 author = {Hollis, Billy S.},
 title = {Visual Basic 6: Design, Specification, and Objects with Other},
 year = {1999},
 isbn = {0130850845},
 edition = {1st},
 publisher = {Prentice Hall PTR},
 address = {Upper Saddle River, NJ, USA},
 }


@book{Goossens:1999:LWC:553897,
 author = {Goossens, Michel and Rahtz, S. P. and Moore, Ross and Sutor, Robert S.},
 title = {The  Latex Web Companion: Integrating TEX, HTML, and XML},
 year = {1999},
 isbn = {0201433117},
 edition = {1st},
 publisher = {Addison-Wesley Longman Publishing Co., Inc.},
 address = {Boston, MA, USA},
 }

% need to test genres for errant isbn output

% techreport
@techreport{897367,
 author = {Buss, Jonathan F. and Rosenberg, Arnold L. and Knott, Judson D.},
 title = {Vertex Types in Book-Embeddings},
 year = {1987},
 source = {http://www.ncstrl.org:8900/ncstrl/servlet/search?formname=detail\&id=oai%3Ancstrlh%3Aumass_cs%3Ancstrl.umassa_cs%2F%2FUM-CS-1987-018},
 publisher = {University of Massachusetts},
 address = {Amherst, MA, USA},
 }

@techreport{Buss:1987:VTB:897367,
 author = {Buss, Jonathan F. and Rosenberg, Arnold L. and Knott, Judson D.},
 title = {Vertex Types in Book-Embeddings},
 year = {1987},
 source = {http://www.ncstrl.org:8900/ncstrl/servlet/search?formname=detail\&id=oai%3Ancstrlh%3Aumass_cs%3Ancstrl.umassa_cs%2F%2FUM-CS-1987-018},
 publisher = {University of Massachusetts},
 address = {Amherst, MA, USA},
 }

% whole proceedings

@proceedings{Czerwinski:2008:1358628,
 author = {},
 note = {General Chair-Czerwinski, Mary and General Chair-Lund, Arnie and Program Chair-Tan, Desney},
 title = {CHI '08: CHI '08 extended abstracts on Human factors in computing systems},
 year = {2008},
 isbn = {978-1-60558-012-X},
 location = {Florence, Italy},
 order_no = {608085},
 publisher = {ACM},
 address = {New York, NY, USA},
 }

% phdthesis

@phdthesis{Clarkson:1985:ACP:911891,
 author = {Clarkson, Kenneth Lee},
 advisor = {Yao, Andrew C.},
 title = {Algorithms for Closest-Point Problems (Computational Geometry)},
 year = {1985},
 note = {AAT 8506171},
 school = {Stanford University},
 address = {Stanford, CA, USA},
 }
% school is being picked up -- but not publisher (which is OK)
% Also -- the title is NOT being output in italics !!! Arrrrgh! - I fixed it. :-)


%%% compare with 'old'
%%% atsign-Phdthesis{Clarkson85,
%%%  author =       "Kenneth L. Clarkson",
%%%  year =         "1985",
%%%  title =        "Algorithms for Closest-Point Problems (Computational Geometry)",
%%%  school =       "Stanford University",
%%%  address =      "Palo Alto, CA",
%%%  note =         "UMI Order Number: AAT 8506171",
%%%  type =         "",
%%%  month =        "",
%%%}

% A bibliography
@Article{1984:1040142,
 key = {{$\!\!$}},
 journal = {SIGCOMM Comput. Commun. Rev.},
 year = {1984},
 issn = {0146-4833},
 volume = {13-14},
 number = {5-1},
 issue_date = {January/April 1984},
 publisher = {ACM},
 address = {New York, NY, USA},
 }


% grinder
@inproceedings{2004:ITE:1009386.1010128,
 key = {IEEE},
 title = {IEEE TCSC Executive Committee},
 booktitle = {Proceedings of the IEEE International Conference on Web Services},
 series = {ICWS '04},
 year = {2004},
 isbn = {0-7695-2167-3},
 pages = {21--22},
 url = {http://dx.doi.org/10.1109/ICWS.2004.64},
 doi = {http://dx.doi.org/10.1109/ICWS.2004.64},
 acmid = {1010128},
 publisher = {IEEE Computer Society},
 address = {Washington, DC, USA},
}

% div book
@book{Mullender:1993:DS:302430,
 editor = {Mullender, Sape},
 title = {Distributed systems (2nd Ed.)},
 year = {1993},
 isbn = {0-201-62427-3},
 publisher = {ACM Press/Addison-Wesley Publishing Co.},
 address = {New York, NY, USA},
 }

% master thesis (as techreport and thesis)

@techreport{Petrie:1986:NAD:899644,
 author = {Petrie, Charles J.},
 title = {New Algorithms for Dependency-Directed Backtracking (Master's thesis)},
 year = {1986},
 source = {http://www.ncstrl.org:8900/ncstrl/servlet/search?formname=detail\&id=oai%3Ancstrlh%3Autexas_cs%3AUTEXAS_CS%2F%2FAI86-33},
 publisher = {University of Texas at Austin},
 address = {Austin, TX, USA},
 }

@MASTERSTHESIS{Petrie:1986:NAD:12345,
 author = {Petrie, Charles J.},
 title = {New Algorithms for Dependency-Directed Backtracking (Master's thesis)},
 year = {1986},
 source = {http://www.ncstrl.org:8900/ncstrl/servlet/search?formname=detail\&id=oai%3Ancstrlh%3Autexas_cs%3AUTEXAS_CS%2F%2FAI86-33},
 school = {University of Texas at Austin},
 address = {Austin, TX, USA},
 }




@BOOK{book-minimal,
   author = "Donald E. Knuth",
   title = "Seminumerical Algorithms",
   publisher = "Addison-Wesley",
   year = "1981",
}

% incollection (has an editor, title, and possibly a booktitle)
@INcollection{KA:2001,
 author = {Kong, Wei-Chang},
 Title = {The implementation of electronic commerce in SMEs in Singapore (as Incoll)},
 booktitle = {E-commerce and cultural values},
 year = {2001},
 isbn = {1-59140-056-2},
 pages = {51--74},
 numpages = {24},
 url = {http://portal.acm.org/citation.cfm?id=887006.887010},
 acmid = {887010},
 publisher = {IGI Publishing},
 address = {Hershey, PA, USA},
}


% with bibfield 'type' before chapter (note no editor)
@INBOOK{KAGM:2001,
 author = {Kong, Wei-Chang},
 type = {Name of Chapter:},
 chapter = {The implementation of electronic commerce in SMEs in Singapore (Inbook-w-chap-w-type)},
 title = {E-commerce and cultural values},
 year = {2001},
 isbn = {1-59140-056-2},
 pages = {51--74},
 numpages = {24},
 url = {http://portal.acm.org/citation.cfm?id=887006.887010},
 acmid = {887010},
 publisher = {IGI Publishing},
 address = {Hershey, PA, USA},
}

%%% Notes! This is because the atsign-INBOOK citation type specifies EITHER
%%% editor or author, but not both. In my experiments with the harvard/dcu
%%% bibtex style (and presumably this applies to other styles too), bibtex
%%% ignores the editor information if author information exists in an
%%% atsign-INBOOK entry. atsign-INCOLLECTION is far more commonly used in my references,
%%% and in the absence of an editor I believe most bibtex styles will just
%%% ommit the editor from the reference - the chapter information will not
%%% end up in the in-text citation as you suggest it should be but at least
%%% there is a place to put the editor if necessary.



% was 'Inbook' -- changed to incollection - (editor is different to author) - need to tell Asad to codify as such.
@incollection{Kong:2002:IEC:887006.887010,
  author =      {Kong, Wei-Chang},
  editor =      {Theerasak Thanasankit},
  title =       {Chapter 9},
  booktitle =   {E-commerce and cultural values (Incoll-w-text (chap 9) 'title')},
  year =        {2002},
  address =     {Hershey, PA, USA},
  publisher =   {IGI Publishing},
  url =         {http://portal.acm.org/citation.cfm?id=887006.887010},
  pages =       {51--74},
  numpages =    {24},
  acmid =       {887010},
  isbn =        {1-59140-056-2},
  number =      "",
  type =        "",
  month =       "",
  note =        "",
}

% incol when the chapter is 'text' - due to presence of editor (different to author)
@incollection{Kong:2003:IEC:887006.887011,
 author = {Kong, Wei-Chang},
 title = {The implementation of electronic commerce in SMEs in Singapore (Incoll)},
 booktitle = {E-commerce and cultural values},
 editor = {Thanasankit, Theerasak},
 year = {2003},
 isbn = {1-59140-056-2},
 pages = {51--74},
 numpages = {24},
 url = {http://portal.acm.org/citation.cfm?id=887006.887010},
 acmid = {887010},
 publisher = {IGI Publishing},
 address = {Hershey, PA, USA},
}

% ------ test
%incollection{Kong:2003:IEC:887006.887010,
% author = {Kong, Wei-Chang},
% chapter = {The implementation of electronic commerce in SMEs in Singapore (Incoll-text-in-chap)},
% booktitle = {booktitle E-commerce and cultural values},
% title =   {The title},
% editor = {Thanasankit, Theerasak},
% year = {2003},
% isbn = {1-59140-056-2},
% pages = {51--74},
% numpages = {24},
% url = {http://portal.acm.org/citation.cfm?id=887006.887010},
% acmid = {887010},
% publisher = {IGI Publishing},
% address = {Hershey, PA, USA},
%}


% ---------





% Need inbook with num in chapter

% and inbook with number in chapter
@InBook{Kong:2004:IEC:123456.887010,
  author =      {Kong, Wei-Chang},
  editor =      {Theerasak Thanasankit},
  title =       {E-commerce and cultural values - (InBook-num-in-chap)},
  chapter =     {9},
  year =        {2004},
  address =     {Hershey, PA, USA},
  publisher =   {IGI Publishing},
  url =         {http://portal.acm.org/citation.cfm?id=887006.887010},
  pages =       {51--74},
  numpages =    {24},
  acmid =       {887010},
  isbn =        {1-59140-056-2},
  number =      "",
  type =        "",
  month =       "",
  note =        "",
}


% and inbook with text in chapter
@Inbook{Kong:2005:IEC:887006.887010,
  author =      {Kong, Wei-Chang},
  editor =      {Theerasak Thanasankit},
  title =       {E-commerce and cultural values (Inbook-text-in-chap)},
  chapter =     {The implementation of electronic commerce in SMEs in Singapore},
  year =        {2005},
  address =     {Hershey, PA, USA},
  publisher =   {IGI Publishing},
  url =         {http://portal.acm.org/citation.cfm?id=887006.887010},
  type =        {Chapter:},
  pages =       {51--74},
  numpages =    {24},
  acmid =       {887010},
  isbn =        {1-59140-056-2},
  number =      "",
  month =       "",
  note =        "",
}


% and inbook with a num and type field
@Inbook{Kong:2006:IEC:887006.887010,
  author =      {Kong, Wei-Chang},
  editor =      {Theerasak Thanasankit},
  title =       {E-commerce and cultural values (Inbook-num chap)},
  chapter =     {22},
  year =        {2006},
  address =     {Hershey, PA, USA},
  publisher =   {IGI Publishing},
  url =         {http://portal.acm.org/citation.cfm?id=887006.887010},
  type =        {Chapter (in type field)},
  pages =       {51--74},
  numpages =    {24},
  acmid =       {887010},
  isbn =        {1-59140-056-2},
  number =      "",
  month =       "",
  note =        "",
}


% and incol coz we have a BLANK chapter - due to presence of editor
%atIncollection{Kong:2006:IEC:887006.887011,
%  author =     {Kong, Wei-Chang},
%  editor =     {Theerasak Thanasankit},
%  title =      "The title"
%  booktitle =  {E-commerce and cultural values (Incol-coz-blank-chap)},
%  year =       {2006},
%  address =    {Hershey, PA, USA},
%  publisher =  {IGI Publishing},
%  url =        {http://portal.acm.org/citation.cfm?id=887006.887010},
%  type =       {Type!},
%  chapter =    {},
%  pages =      {51--74},
%  numpages =   {24},
%  acmid =      {887010},
%  isbn =       {1-59140-056-2},
%  number =     "",
%  month =      "",
%  note =       "",
%}

@article{SaeediMEJ10,
            author = {Mehdi Saeedi and Morteza Saheb Zamani and Mehdi Sedighi},
            title = {A library-based synthesis methodology for reversible logic},
            journal = {Microelectron. J.},
            volume = {41},
            number = {4},
            month = apr,
            year = {2010},
            pages = {185--194},
}

@ARTICLE{SaeediJETC10,
            author = {Mehdi Saeedi and Morteza Saheb Zamani and Mehdi Sedighi and Zahra Sasanian},
            title = {Synthesis of Reversible Circuit Using Cycle-Based Approach},
            journal = {J. Emerg. Technol. Comput. Syst.},
            volume = {6},
            number = {4},
            month = dec,
            year = {2010}
            }

% Asad's new version
@article{Kirschmer:2010:AEI:1958016.1958018,
 author = {Kirschmer, Markus and Voight, John},
 title = {Algorithmic Enumeration of Ideal Classes for Quaternion Orders},
 journal = {SIAM J. Comput.},
 issue_date = {January 2010},
 volume = {39},
 number = {5},
 month = jan,
 year = {2010},
 issn = {0097-5397},
 pages = {1714--1747},
 numpages = {34},
 url = {http://dx.doi.org/10.1137/080734467},
 doi = {https://doi.org/10.1137/080734467},
 acmid = {1958018},
 publisher = {Society for Industrial and Applied Mathematics},
 address = {Philadelphia, PA, USA},
 keywords = {ideal classes, maximal orders, number theory, quaternion algebras},
}


% incol due to presence of booktitle
@incollection{Hoare:1972:CIN:1243380.1243382,
 author = {Hoare, C. A. R.},
 title = {Chapter II: Notes on data structuring},
 booktitle = {Structured programming (incoll)},
 editor = {Dahl, O. J. and Dijkstra, E. W. and Hoare, C. A. R.},
 year = {1972},
 isbn = {0-12-200550-3},
 pages = {83--174},
 numpages = {92},
 url = {http://portal.acm.org/citation.cfm?id=1243380.1243382},
 acmid = {1243382},
 publisher = {Academic Press Ltd.},
 address = {London, UK, UK},
}

% incol due to presence of booktitle
@incollection{Lee:1978:TQA:800025.1198348,
 author = {Lee, Jan},
 title = {Transcript of question and answer session},
 booktitle = {History of programming languages I (incoll)},
 editor = {Wexelblat, Richard L.},
 year = {1981},
 isbn = {0-12-745040-8},
 pages = {68--71},
 numpages = {4},
 url = {http://doi.acm.org/10.1145/800025.1198348},
 doi = {http://doi.acm.org/10.1145/800025.1198348},
 acmid = {1198348},
 publisher = {ACM},
 address = {New York, NY, USA},
}

% incol due to booktitle
@incollection{Dijkstra:1979:GSC:1241515.1241518,
 author = {Dijkstra, E.},
 title = {Go to statement considered harmful},
 booktitle = {Classics in software engineering (incoll)},
 year = {1979},
 isbn = {0-917072-14-6},
 pages = {27--33},
 numpages = {7},
 url = {http://portal.acm.org/citation.cfm?id=1241515.1241518},
 acmid = {1241518},
 publisher = {Yourdon Press},
 address = {Upper Saddle River, NJ, USA},
}

% incol due to booktitle
@incollection{Wenzel:1992:TVA:146022.146089,
 author = {Wenzel, Elizabeth M.},
 title = {Three-dimensional virtual acoustic displays},
 booktitle = {Multimedia interface design (incoll)},
 year = {1992},
 isbn = {0-201-54981-6},
 pages = {257--288},
 numpages = {32},
 url = {http://portal.acm.org/citation.cfm?id=146022.146089},
 doi = {10.1145/146022.146089},
 acmid = {146089},
 publisher = {ACM},
 address = {New York, NY, USA},
}

% incol due to booktitle
@incollection{Mumford:1987:MES:54905.54911,
 author = {Mumford, E.},
 title = {Managerial expert systems and organizational change: some critical research issues},
 booktitle = {Critical issues in information systems research (incoll)},
 year = {1987},
 isbn = {0-471-91281-6},
 pages = {135--155},
 numpages = {21},
 url = {http://portal.acm.org/citation.cfm?id=54905.54911},
 acmid = {54911},
 publisher = {John Wiley \& Sons, Inc.},
 address = {New York, NY, USA},
}

@book{McCracken:1990:SSC:575315,
 author = {McCracken, Daniel D. and Golden, Donald G.},
 title = {Simplified Structured COBOL with Microsoft/MicroFocus COBOL},
 year = {1990},
 isbn = {0471514071},
 publisher = {John Wiley \& Sons, Inc.},
 address = {New York, NY, USA},
}

% Let's include Boris / BBeeton entries  (multi-volume works)

@book {MR781537,
    AUTHOR = {H{\"o}rmander, Lars},
     TITLE = {The analysis of linear partial differential operators. {III}},
    SERIES = {Grundlehren der Mathematischen Wissenschaften [Fundamental
              Principles of Mathematical Sciences]},
    VOLUME = {275},
      NOTE = {Pseudodifferential operators},
PUBLISHER = {Springer-Verlag},
   ADDRESS = {Berlin, Germany},
      YEAR = {1985},
     PAGES = {viii+525},
      ISBN = {3-540-13828-5},
   MRCLASS = {35-02 (35Sxx 47G05 58G15)},
  MRNUMBER = {781536 (87d:35002a)},
MRREVIEWER = {Min You Qi},
}

@book {MR781536,
    AUTHOR = {H{\"o}rmander, Lars},
     TITLE = {The analysis of linear partial differential operators. {IV}},
    SERIES = {Grundlehren der Mathematischen Wissenschaften [Fundamental
              Principles of Mathematical Sciences]},
    VOLUME = {275},
      NOTE = {Fourier integral operators},
PUBLISHER = {Springer-Verlag},
   ADDRESS = {Berlin, Germany},
      YEAR = {1985},
     PAGES = {vii+352},
      ISBN = {3-540-13829-3},
   MRCLASS = {35-02 (35Sxx 47G05 58G15)},
  MRNUMBER = {781537 (87d:35002b)},
MRREVIEWER = {Min You Qi},
}

%%%%%%%%%%%%%%%%%%%%%% Start of Aptara sample bib entries

% acmsmall-sam.bib
@InProceedings{Adya-01,
  author        = {A. Adya and P. Bahl and J. Padhye and A.Wolman and L. Zhou},
  title         = {A multi-radio unification protocol for {IEEE} 802.11 wireless networks},
  booktitle     = {Proceedings of the IEEE 1st International Conference on Broadnets Networks (BroadNets'04)},
  publisher     = "IEEE",
  address       = "Los Alamitos, CA",
  year          = {2004},
  pages         = "210--217"
}

@article{Akyildiz-01,
  author        = {I. F. Akyildiz and W. Su and Y. Sankarasubramaniam and E. Cayirci},
  title         = {Wireless Sensor Networks: A Survey},
  journal       = {Comm. ACM},
  volume        = 38,
  number        = "4",
  year          = {2002},
  pages         = "393--422"
}

@article{Akyildiz-02,
  author        = {I. F. Akyildiz and T. Melodia and K. R. Chowdhury},
  title         = {A Survey on Wireless Multimedia Sensor Networks},
  journal       = {Computer Netw.},
  volume        = 51,
  number        = "4",
  year          = {2007},
  pages         = "921--960"
}

@InProceedings{Bahl-02,
  author        = {P. Bahl and R. Chancre and J. Dungeon},
  title         = {{SSCH}: Slotted Seeded Channel Hopping for Capacity Improvement in {IEEE} 802.11 Ad-Hoc Wireless Networks},
  booktitle     = {Proceeding of the 10th International Conference on Mobile Computing and Networking (MobiCom'04)},
  publisher     = "ACM",
  address       = "New York, NY",
  year          = {2004},
  pages         = "112--117"
}

@misc{CROSSBOW,
  key       = {CROSSBOW},
  title     = {{XBOW} Sensor Motes Specifications},
  note      = {http://www.xbow.com},
  year      = 2008
}

@article{Culler-01,
  author        = {D. Culler and D. Estrin and M. Srivastava},
  title         = {Overview of Sensor Networks},
  journal       = {IEEE Comput.},
  volume        = 37,
  number        = "8 (Special Issue on Sensor Networks)",
  publisher     = "IEEE",
  address       = "Los Alamitos, CA",
  year          = {2004},
  pages         = "41--49"
}

@misc{Harvard-01,
    key         = {Harvard CodeBlue},
    title       = {{CodeBlue}: Sensor Networks for Medical Care},
    note        = {http://www.eecs.harvard.edu/mdw/ proj/codeblue/},
    year        = 2008
}

@InProceedings{Natarajan-01,
    author      = {A. Natarajan and M. Motani and B. de Silva and K. Yap and K. C. Chua},
    title       = {Investigating Network Architectures for Body Sensor Networks},
    booktitle   = {Network Architectures},
    editor      = {G. Whitcomb and P. Neece},
    publisher   = "Keleuven Press",
    address     = "Dayton, OH",
    year        = {2007},
    pages       = "322--328",
    eprint      = "960935712",
    primaryclass = "cs",
}

@techreport{Tzamaloukas-01,
  author        = {A. Tzamaloukas and J. J. Garcia-Luna-Aceves},
  title         = {Channel-Hopping Multiple Access},
  number =        {I-CA2301},
  institution =   {Department of Computer Science, University of California},
  address =       {Berkeley, CA},
  year          = {2000}
}

@BOOK{Zhou-06,
  author        = {G. Zhou and J. Lu and C.-Y. Wan and M. D. Yarvis and J. A. Stankovic},
  title         = {Body Sensor Networks},
  publisher     = "MIT Press",
  address       = "Cambridge, MA",
  year          = {2008}
}

@mastersthesis{ko94,
author = "Jacob Kornerup",
title = "Mapping Powerlists onto Hypercubes",
school = "The University of Texas at Austin",
note = "(In preparation)",
year = "1994"}
%month = "dec",}

@PhdThesis{gerndt:89,
  author =       "Michael Gerndt",
  title =        "Automatic Parallelization for Distributed-Memory
                  Multiprocessing Systems",
  school =       "University of Bonn",
  year =         1989,
  address =      "Bonn, Germany",
  month =        dec
}

@article{6:1:1,
author = "J. E. {Archer, Jr.} and R. Conway and F. B. Schneider",
title = "User recovery and reversal in interactive systems",
journal = "ACM Trans. Program. Lang. Syst.",
volume =  "6",
number = "1",
month = jan,
year = 1984,
pages = "1--19"}

@article{7:1:137,
author = "D. D. Dunlop and V. R. Basili",
title = "Generalizing specifications for uniformly implemented loops",
journal = "ACM Trans. Program. Lang. Syst.",
volume =  "7",
number = "1",
month = jan,
year = 1985,
pages = "137--158"}

@article{7:2:183,
author = "J. Heering and P. Klint",
title = "Towards monolingual programming environments",
journal = "ACM Trans. Program. Lang. Syst.",
volume =  "7",
number = "2",
month = apr,
year = 1985,
pages = "183--213"}

@book{knuth:texbook,
author = "Donald E. Knuth",
title = "The {\TeX{}book}",
publisher = "Addison-Wesley",
address = "Reading, MA.",
year = 1984}

@article{6:3:380,
author = "E. Korach and D.  Rotem and N. Santoro",
title = "Distributed algorithms for finding centers and medians in networks",
journal = "ACM Trans. Program. Lang. Syst.",
volume =  "6",
number = "3",
month = jul,
year = 1984,
pages = "380--401"}

@book{Lamport:LaTeX,
author = "Leslie Lamport",
title = "\it {\LaTeX}: A Document Preparation System",
publisher = "Addison-Wesley",
address = "Reading, MA.",
year = 1986}

@article{7:3:359,
author = "F. Nielson",
title = "Program transformations in a denotational setting",
journal = "ACM Trans. Program. Lang. Syst.",
volume =  "7",
number = "3",
month = jul,
year = 1985,
pages = "359--379"}

%testing
@BOOK{test,
   author = "Donald E. Knuth",
   title = "Seminumerical Algorithms",
   volume = 2,
   series = "The Art of Computer Programming",
   publisher = "Addison-Wesley",
   address = "Reading, MA",
   edition = "2nd",
   month = "10~" # jan,
   year = "1981",
}

@inproceedings{reid:scribe,
author = "Brian K. Reid",
title = "A high-level approach to computer document formatting",
booktitle = "Proceedings of the 7th Annual Symposium on Principles of
  Programming Languages",
month = jan,
year = 1980,
publisher = "ACM",
address = "New York",
pages = "24--31"}

@article{Zhou:2010:MMS:1721695.1721705,
 author = {Zhou, Gang and Wu, Yafeng and Yan, Ting and He, Tian and Huang, Chengdu and Stankovic, John A. and Abdelzaher, Tarek F.},
 title = {A multifrequency MAC specially designed for wireless sensor network applications},
 journal = {ACM Trans. Embed. Comput. Syst.},
 issue_date = {March 2010},
 volume = 9,
 number = 4,
 month = {April},
 year = 2010,
 issn = {1539-9087},
 pages = {39:1--39:41},
 articleno = 39,
 numpages = 41,
 url = {http://doi.acm.org/10.1145/1721695.1721705},
 doi = {10.1145/1721695.1721705},
 acmid = 1721705,
 publisher = {ACM},
 address = {New York, NY, USA},
 keywords = {Wireless sensor networks, media access control, multi-channel, radio interference, time synchronization},
}


@online{TUGInstmem,
  key =          {TUG},
  year  =        2017,
  title =        "Institutional members of the {\TeX} Users Group",
  url =          "http://wwtug.org/instmem.html",
  lastaccessed = "May 27, 2017",
}

@online{CTANacmart,
  author =    {Boris Veytsman},
  title =  {acmart---{C}lass for typesetting publications of {ACM}},
  url =    {http://www.ctan.org/pkg/acmart},
  lastaccessed = {May 27, 2017}
  }

@ARTICLE{bowman:reasoning,
    author = {Bowman, Mic and Debray, Saumya K. and Peterson, Larry L.},
    title = {Reasoning About Naming Systems},
    journal = {ACM Trans. Program. Lang. Syst.},
    volume = {15},
    number = {5},
    pages = {795-825},
    month = {November},
    year = {1993},
    doi = {10.1145/161468.161471},
}

@ARTICLE{braams:babel,
    author = {Braams, Johannes},
    title = {Babel, a Multilingual Style-Option System for Use with LaTeX's Standard Document Styles},
    journal = {TUGboat},
    volume = {12},
    number = {2},
    pages = {291-301},
    month = {June},
    year = {1991},
}

@INPROCEEDINGS{clark:pct,
  AUTHOR = "Malcolm Clark",
  TITLE = "Post Congress Tristesse",
  BOOKTITLE = "TeX90 Conference Proceedings",
  PAGES = "84-89",
  ORGANIZATION = "TeX Users Group",
  MONTH = "March",
  YEAR = {1991}
}

@ARTICLE{herlihy:methodology,
    author = {Herlihy, Maurice},
    title = {A Methodology for Implementing Highly Concurrent Data Objects},
    journal = {ACM Trans. Program. Lang. Syst.},
    volume = {15},
    number = {5},
    pages = {745-770},
    month = {November},
    year = {1993},
    doi = {10.1145/161468.161469},
}

@BOOK{salas:calculus,
  AUTHOR = "S.L. Salas and Einar Hille",
  TITLE = "Calculus: One and Several Variable",
  PUBLISHER = "John Wiley and Sons",
  ADDRESS = "New York",
  YEAR = "1978"
}

@MANUAL{Fear05,
  title =        {Publication quality tables in {\LaTeX}},
  author =       {Simon Fear},
  month =        {April},
  year =         2005,
  note =         {\url{http://www.ctan.org/pkg/booktabs}}
}

@Manual{Amsthm15,
  title =        {Using the amsthm Package},
  organization = {American Mathematical Society},
  month =        {April},
  year =         2015,
  note =         {\url{http://www.ctan.org/pkg/amsthm}}
}

@ArtifactSoftware{R,
    title = {R: A Language and Environment for Statistical Computing},
    author = {{R Core Team}},
    organization = {R Foundation for Statistical Computing},
    address = {Vienna, Austria},
    year = {2019},
    url = {https://www.R-project.org/},
}

@ArtifactDataset{UMassCitations,
 author    =  {Sam Anzaroot and Andrew McCallum},
 title     =  {{UMass} Citation Field Extraction Dataset},
 year      = 2013,
 url       =
    {http://www.iesl.cs.umass.edu/data/data-umasscitationfield},
 lastaccessed = {May 27, 2019}
}

@Eprint{Bornmann2019,
       author = {Bornmann, Lutz and Wray, K. Brad and Haunschild,
                  Robin},
        title = {Citation concept analysis {(CCA)}---A new form of
                  citation analysis revealing the usefulness of
                  concepts for other researchers illustrated by two
                  exemplary case studies including classic books by
                  {Thomas S.~Kuhn} and {Karl R.~Popper}},
     keywords = {Computer Science - Digital Libraries},
         year = 2019,
        month = "May",
          eid = {arXiv:1905.12410},
archivePrefix = {arXiv},
       eprint = {1905.12410},
 primaryClass = {cs.DL},
}

@Eprint{AnzarootPBM14,
  author    = {Sam Anzaroot and
               Alexandre Passos and
               David Belanger and
               Andrew McCallum},
  title     = {Learning Soft Linear Constraints with Application to
                  Citation Field Extraction},
  year      = {2014},
  archivePrefix = {arXiv},
  eprint    = {1403.1349},
}

@inproceedings{Hagerup1993,
title        = {Maintaining Discrete Probability Distributions Optimally},
author       = {Hagerup, Torben and Mehlhorn, Kurt and Munro, J. Ian},
booktitle    = {Proceedings of the 20th International Colloquium on Automata, Languages and Programming},
series       = {Lecture Notes in Computer Science},
volume       = {700},
pages        = {253--264},
year         = {1993},
publisher    = {Springer-Verlag},
address      = {Berlin},
}


@article{Gielis2022,
  doi = {10.1007/s43154-022-00090-9},
  url = {https://doi.org/10.1007/s43154-022-00090-9},
  year = {2022},
  month = aug,
  publisher = {Springer Science and Business Media {LLC}},
  volume = {3},
  number = {4},
  pages = {213--225},
  author = {Jennifer Gielis and Ajay Shankar and Amanda Prorok},
  title = {A Critical Review of Communications in Multi-robot Systems},
  journal = {Current Robotics Reports}
}

@INPROCEEDINGS{9317271,
  author={Mesquita, Ricardo and Gaspar, Pedro D.},
  booktitle={2020 International Conference on Decision Aid Sciences and Application (DASA)}, 
  title={A Path Planning Optimization Algorithm Based on Particle Swarm Optimization for UAVs for Bird Monitoring and Repelling - Simulation Results},
  year={2020},
  volume={},
  number={},
  pages={1144-1148},
  doi={10.1109/DASA51403.2020.9317271}}

@INPROCEEDINGS{7152274,
  author={Sonmez, Abdurrahim and Kocyigit, Emre and Kugu, Emin},
  booktitle={2015 International Conference on Unmanned Aircraft Systems (ICUAS)}, 
  title={Optimal path planning for UAVs using Genetic Algorithm}, 
  year={2015},
  volume={},
  number={},
  pages={50-55},
  doi={10.1109/ICUAS.2015.7152274}}

@INPROCEEDINGS{1467074,
  author={Nikolos, I.K. and Brintaki, A.N.},
  booktitle={Proceedings of the 2005 IEEE International Symposium on, Mediterrean Conference on Control and Automation Intelligent Control, 2005.}, 
  title={Coordinated UAV Path Planning Using Differential Evolution}, 
  year={2005},
  volume={},
  number={},
  pages={549-556},
  doi={10.1109/.2005.1467074}}


@article{Kamal2005,
  doi = {10.3182/20050703-6-cz-1902.02061},
  url = {https://doi.org/10.3182/20050703-6-cz-1902.02061},
  year = {2005},
  publisher = {Elsevier {BV}},
  volume = {38},
  number = {1},
  pages = {55--60},
  author = {W.A. Kamal and D.-W. Gu and I. Postlethwaite},
  title = {{MILP} {AND} {ITS} {APPLICATION} {IN} {FLIGHT} {PATH} {PLANNING}},
  journal = {{IFAC} Proceedings Volumes}
}

@INPROCEEDINGS{9249903,
  author={MOKRANE, Adel and BRAHAM, Amal CHOUKCHOU and CHERKI, Brahim},
  booktitle={2020 International Conference on Electrical Engineering (ICEE)}, 
  title={UAV Path Planning Based on Dynamic Programming Algorithm On Photogrammetric DEMs}, 
  year={2020},
  volume={},
  number={},
  pages={1-5},
  doi={10.1109/ICEE49691.2020.9249903}}

@inproceedings{Geiger2006,
  doi = {10.2514/6.2006-6199},
  url = {https://doi.org/10.2514/6.2006-6199},
  year = {2006},
  month = jun,
  publisher = {American Institute of Aeronautics and Astronautics},
  author = {Brian Geiger and Joseph Horn and Anthony DeLullo and Albert Niessner and Lyle Long},
  title = {Optimal Path Planning of {UAVs} Using Direct Collocation with Nonlinear Programming},
  booktitle = {{AIAA} Guidance,  Navigation,  and Control Conference and Exhibit}
}

@article{Danancier2019,
  doi = {10.1016/j.ifacol.2019.11.493},
  url = {https://doi.org/10.1016/j.ifacol.2019.11.493},
  year = {2019},
  publisher = {Elsevier {BV}},
  volume = {52},
  number = {13},
  pages = {1978--1983},
  author = {Kevin Danancier and Delphine Ruvio and Inkyung Sung and Peter Nielsen},
  title = {Comparison of Path Planning Algorithms for an Unmanned Aerial Vehicle Deployment Under Threats},
  journal = {{IFAC}-{PapersOnLine}}
}

@INPROCEEDINGS{9018916,
  author={Li, Yue and Han, Wei and Zhang, Yong and Mu, Wanhui},
  booktitle={2018 IEEE CSAA Guidance, Navigation and Control Conference (CGNCC)}, 
  title={A method of UAV path planning based on an improved RRT algorithm}, 
  year={2018},
  volume={},
  number={},
  pages={1-5},
  doi={10.1109/GNCC42960.2018.9018916}}

@INPROCEEDINGS{6491122,
  author={Yan, Fei and Zhuang, Yan and Xiao, Jizhong},
  booktitle={2012 IEEE International Conference on Robotics and Biomimetics (ROBIO)}, 
  title={3D PRM based real-time path planning for UAV in complex environment}, 
  year={2012},
  volume={},
  number={},
  pages={1135-1140},
  doi={10.1109/ROBIO.2012.6491122}}


@article{Wang2022,
  doi = {10.1007/s00500-022-07224-3},
  url = {https://doi.org/10.1007/s00500-022-07224-3},
  year = {2022},
  month = jun,
  publisher = {Springer Science and Business Media {LLC}},
  volume = {26},
  number = {22},
  pages = {12599--12610},
  author = {Jinyang Wang and Yuhua Li and Ruixuan Li and Hao Chen and Kejing Chu},
  title = {Trajectory planning for {UAV} navigation in dynamic environments with matrix alignment Dijkstra},
  journal = {Soft Computing}
}

@INPROCEEDINGS{9836159,
  author={Batinovic, Ana and Goricanec, Jurica and Markovic, Lovro and Bogdan, Stjepan},
  booktitle={2022 International Conference on Unmanned Aircraft Systems (ICUAS)}, 
  title={Path Planning with Potential Field-Based Obstacle Avoidance in a 3D Environment by an Unmanned Aerial Vehicle}, 
  year={2022},
  volume={},
  number={},
  pages={394-401},
  doi={10.1109/ICUAS54217.2022.9836159}}

@INPROCEEDINGS{8798322,
  author={Huang, Sunan and Teo, Rodney Swee Huat},
  booktitle={2019 International Conference on Unmanned Aircraft Systems (ICUAS)}, 
  title={Computationally Efficient Visibility Graph-Based Generation Of 3D Shortest Collision-Free Path Among Polyhedral Obstacles For Unmanned Aerial Vehicles}, 
  year={2019},
  volume={},
  number={},
  pages={1218-1223},
  doi={10.1109/ICUAS.2019.8798322}}

@INPROCEEDINGS{7978644,
  author={Chen, Xia and Li, Guang-yao and Chen, Xiang-min},
  booktitle={2017 29th Chinese Control And Decision Conference (CCDC)}, 
  title={Path planning and cooperative control for multiple UAVs based on consistency theory and Voronoi diagram}, 
  year={2017},
  volume={},
  number={},
  pages={881-886},
  doi={10.1109/CCDC.2017.7978644}}

@INPROCEEDINGS{8098706,
  author={De Waen, Jorik and Dinh, Hoang Tung and Cruz Torres, Mario Henrique and Holvoet, Tom},
  booktitle={2017 European Conference on Mobile Robots (ECMR)}, 
  title={Scalable multirotor UAV trajectory planning using mixed integer linear programming}, 
  year={2017},
  volume={},
  number={},
  pages={1-6},
  doi={10.1109/ECMR.2017.8098706}}

@article{Chen2014AF,
  doi = {10.1080/00207721.2014.929191},
  url = {https://doi.org/10.1080/00207721.2014.929191},
  year = {2014},
  month = jun,
  publisher = {Informa {UK} Limited},
  volume = {47},
  number = {6},
  pages = {1407--1420},
  author = {Yong-bo Chen and Guan-chen Luo and Yue-song Mei and Jian-qiao Yu and Xiao-long Su},
  title = {{UAV} path planning using artificial potential field method updated by optimal control theory},
  journal = {International Journal of Systems Science}
}

@incollection{ARDRONE2011,
  doi = {10.1007/978-3-642-21975-7_16},
  url = {https://doi.org/10.1007/978-3-642-21975-7_16},
  year = {2011},
  publisher = {Springer Berlin Heidelberg},
  pages = {172--186},
  author = {Tom{\'{a}}{\v{s}} Krajn{\'{\i}}k and Vojt{\v{e}}ch Von{\'{a}}sek and Daniel Fi{\v{s}}er and Jan Faigl},
  title = {{AR}-Drone as a Platform for Robotic Research and Education},
  booktitle = {Communications in Computer and Information Science}
}

@misc{INTEL2023,
title={What are service robots?},
url={https://www.intel.la/content/www/xl/es/robotics/service-robot.html},
journal={Intel Latinoam\'{e}rica},
publisher={INTEL},
author={Intel Ed.},
year={2023},
month={Ago},
urldate = {2023-08-06}}

@misc{NASA2023,
title={MARS 2020 MISSION PERSEVERANCE ROVER},
url={https://www.intel.la/content/www/xl/es/robotics/service-robot.html},
journal={NASA Science},
publisher={NASA},
author={NASA Ed.},
year={2023},
month={Ago},
urldate = {2023-08-06}}

@inproceedings{Schneider2016,
  doi = {10.1109/carpathiancc.2016.7501177},
  url = {https://doi.org/10.1109/carpathiancc.2016.7501177},
  year = {2016},
  month = may,
  publisher = {{IEEE}},
  author = {Frank E. Schneider and Dennis Wildermuth},
  title = {Assessing the search and rescue domain as an applied and realistic benchmark for robotic systems},
  booktitle = {2016 17th International Carpathian Control Conference ({ICCC})}
}

@inproceedings{Sharma2016,
  doi = {10.1109/icctict.2016.7514570},
  url = {https://doi.org/10.1109/icctict.2016.7514570},
  year = {2016},
  month = mar,
  publisher = {{IEEE}},
  author = {Sujata Sharma and Ritu Tiwari},
  title = {A survey on multi robots area exploration techniques and algorithms},
  booktitle = {2016 International Conference on Computational Techniques in Information and Communication Technologies ({ICCTICT})}
}

@conference{DEPTHX2006,
author = {William Stone and Nathaniel Fairfield and George A. Kantor},
title = {Autonomous Underwater Vehicle Navigation and Proximity Operations for Deep Phreatic Thermal Explorer (DEPTHX)},
booktitle = {Proceedings of Masterclass in AUV Technology for Polar Science},
year = {2006},
month = {March},
editor = {Griffiths, G. and Collins, K.},
publisher = {Society for Underwater Technology},
address = {London},
keywords = {auv, navigation, slam}}

@misc{DRONESHOW2023,
title={Fireworks have a new competitor: Drones},
url={https://www.nytimes.com/2023/07/01/business/dealbook/fourth-of-july-fireworks-drones.html},
journal={The New York Times},
publisher={The New York Times},
author={Hirsch, Lauren and Merced, Michael J. De La},
year={2023},
month={Jul},
urldate = {2023-08-05}}

@article{SHAKHATREH2019,
  doi = {10.1109/access.2019.2909530},
  url = {https://doi.org/10.1109/access.2019.2909530},
  year = {2019},
  publisher = {Institute of Electrical and Electronics Engineers ({IEEE})},
  volume = {7},
  pages = {48572--48634},
  author = {Hazim Shakhatreh and Ahmad H. Sawalmeh and Ala Al-Fuqaha and Zuochao Dou and Eyad Almaita and Issa Khalil and Noor Shamsiah Othman and Abdallah Khreishah and Mohsen Guizani},
  title = {Unmanned Aerial Vehicles ({UAVs}): A Survey on Civil Applications and Key Research Challenges},
  journal = {{IEEE} Access}
}

@misc{CERBERUS2022,
      title={CERBERUS: Autonomous Legged and Aerial Robotic Exploration in the Tunnel and Urban Circuits of the DARPA Subterranean Challenge}, 
      author={Marco Tranzatto and Frank Mascarich and Lukas Bernreiter and Carolina Godinho and Marco Camurri and Shehryar Khattak and Tung Dang and Victor Reijgwart and Johannes Loeje and David Wisth and Samuel Zimmermann and Huan Nguyen and Marius Fehr and Lukas Solanka and Russell Buchanan and Marko Bjelonic and Nikhil Khedekar and Mathieu Valceschini and Fabian Jenelten and Mihir Dharmadhikari and Timon Homberger and Paolo De Petris and Lorenz Wellhausen and Mihir Kulkarni and Takahiro Miki and Satchel Hirsch and Markus Montenegro and Christos Papachristos and Fabian Tresoldi and Jan Carius and Giorgio Valsecchi and Joonho Lee and Konrad Meyer and Xiangyu Wu and Juan Nieto and Andy Smith and Marco Hutter and Roland Siegwart and Mark Mueller and Maurice Fallon and Kostas Alexis},
      year={2022},
      eprint={2201.07067},
      archivePrefix={arXiv},
      primaryClass={cs.RO}
}

@misc{min2020accelerating,
      title={Accelerating Probabilistic Volumetric Mapping using Ray-Tracing Graphics Hardware}, 
      author={Heajung Min and Kyung Min Han and Young J. Kim},
      year={2020},
      eprint={2011.10348},
      archivePrefix={arXiv},
      primaryClass={cs.RO}
}

@article{Karaman2011,
  doi = {10.1177/0278364911406761},
  url = {https://doi.org/10.1177/0278364911406761},
  year = {2011},
  month = jun,
  publisher = {{SAGE} Publications},
  volume = {30},
  number = {7},
  pages = {846--894},
  author = {Sertac Karaman and Emilio Frazzoli},
  title = {Sampling-based algorithms for optimal motion planning},
  journal = {The International Journal of Robotics Research}
}

@INPROCEEDINGS{8397034,
  author={Wang, Ju and Chen, Wei-bang and Temu, Vitalis},
  booktitle={2018 IEEE Conference on Multimedia Information Processing and Retrieval (MIPR)}, 
  title={Multi-Vehicle Motion Planning for Search and Tracking}, 
  year={2018},
  volume={},
  number={},
  pages={352-355},
  doi={10.1109/MIPR.2018.00078}}

@ARTICLE{9031752,
  author={Huang, Zhengrui and Chen, Chongcheng and Pan, Miaoxin},
  journal={IEEE Internet of Things Journal}, 
  title={Multiobjective UAV Path Planning for Emergency Information Collection and Transmission}, 
  year={2020},
  volume={7},
  number={8},
  pages={6993-7009},
  doi={10.1109/JIOT.2020.2979521}}

@INPROCEEDINGS{9986687,
  author={Li, Yafei and Liu, Minghuan and Zhang, Xiaoyue},
  booktitle={2022 IEEE 4th International Conference on Civil Aviation Safety and Information Technology (ICCASIT)}, 
  title={Research on Dynamic Obstacle Avoidance Path Planning Strategy of UAV}, 
  year={2022},
  volume={},
  number={},
  pages={461-465},
  doi={10.1109/ICCASIT55263.2022.9986687}}

@ARTICLE{10120943,
  author={Chen, Bor-Sen and Hung, Ting-Wei},
  journal={IEEE Access}, 
  title={Integrating Local Motion Planning and Robust Decentralized Fault-Tolerant Tracking Control for Search and Rescue Task of Hybrid UAVs and Biped Robots Team System}, 
  year={2023},
  volume={11},
  number={},
  pages={45888-45909},
  doi={10.1109/ACCESS.2023.3273787}}

@article{Loquercio_2021,
	doi = {10.1126/scirobotics.abg5810},
	url = {https://doi.org/10.1126%2Fscirobotics.abg5810},
	year = 2021,
	month = {oct},
	publisher = {American Association for the Advancement of Science ({AAAS})},
	volume = {6},
	number = {59},
	author = {Antonio Loquercio and Elia Kaufmann and Ren{\'{e}
} Ranftl and Matthias Müller and Vladlen Koltun and Davide Scaramuzza},
	title = {Learning high-speed flight in the wild}, 
	journal = {Science Robotics}
}

@INPROCEEDINGS{10056204,
  author={Cui, Yangjie and Dong, Xin and Li, Daochun and Tu, Zhan},
  booktitle={2022 7th International Conference on Robotics and Automation Engineering (ICRAE)}, 
  title={An End-to-End Deep Reinforcement Learning Method for UAV Autonomous Motion Planning}, 
  year={2022},
  volume={},
  number={},
  pages={100-104},
  doi={10.1109/ICRAE56463.2022.10056204}}

@INPROCEEDINGS{10055974,
  author={Fan, Qingpei and Meng, Jun},
  booktitle={2022 China Automation Congress (CAC)}, 
  title={Application of Motion Planning in UAVs: A Review}, 
  year={2022},
  volume={},
  number={},
  pages={3082-3086},
  doi={10.1109/CAC57257.2022.10055974}}

@INPROCEEDINGS{7279703,
  author={Li, Wei and Chen, Wenwen and Wang, Chong and Liu, Ming and Ge, Yunjian and Song, Quanjun},
  booktitle={2015 IEEE International Conference on Information and Automation}, 
  title={A 3D path planning approach for quadrotor UAV navigation}, 
  year={2015},
  volume={},
  number={},
  pages={2481-2486},
  doi={10.1109/ICInfA.2015.7279703}}

@ARTICLE{10011226,
  author={Mukhamediev, Ravil I. and Yakunin, Kirill and Aubakirov, Margulan and Assanov, Ilyas and Kuchin, Yan and Symagulov, Adilkhan and Levashenko, Vitaly and Zaitseva, Elena and Sokolov, Dmitry and Amirgaliyev, Yedilkhan},
  journal={IEEE Access}, 
  title={Coverage Path Planning Optimization of Heterogeneous UAVs Group for Precision Agriculture}, 
  year={2023},
  volume={11},
  number={},
  pages={5789-5803},
  doi={10.1109/ACCESS.2023.3235207}}


@INPROCEEDINGS{8028745,
  author={Zhao, Chunhui and Li, Sijia and Hu, Jinwen and Pan, Quan and Xu, Zhao and Lvy, Yang and Meng, Wei},
  booktitle={2017 36th Chinese Control Conference (CCC)}, 
  title={A study on UAV formation collision avoidance}, 
  year={2017},
  volume={},
  number={},
  pages={8743-8747},
  doi={10.23919/ChiCC.2017.8028745}}


@ARTICLE{9679714,
  author={Jinqiang, Hu and Husheng, Wu and Renjun, Zhan and Rafik, Menassel and Xuanwu, Zhou},
  journal={Journal of Systems Engineering and Electronics}, 
  title={Self-organized search-attack mission planning for UAV swarm based on wolf pack hunting behavior}, 
  year={2021},
  volume={32},
  number={6},
  pages={1463-1476},
  doi={10.23919/JSEE.2021.000124}}


@Article{drones7060337,
AUTHOR = {Gui, Jianjun and Yu, Tianyou and Deng, Baosong and Zhu, Xiaozhou and Yao, Wen},
TITLE = {Decentralized Multi-UAV Cooperative Exploration Using Dynamic Centroid-Based Area Partition},
JOURNAL = {Drones},
VOLUME = {7},
YEAR = {2023},
NUMBER = {6},
ARTICLE-NUMBER = {337},
URL = {https://www.mdpi.com/2504-446X/7/6/337},
ISSN = {2504-446X},
DOI = {10.3390/drones7060337}
}

@incollection{ZOUGANELI2022,
  doi = {10.1007/978-3-031-17030-0_2},
  url = {https://doi.org/10.1007/978-3-031-17030-0_2},
  year = {2022},
  publisher = {Springer International Publishing},
  pages = {16--25},
  author = {Evi Zouganeli and Athanasios Lentzas},
  title = {Cognitive Robotics - Towards the Development of Next-Generation Robotics and~Intelligent Systems},
  booktitle = {Communications in Computer and Information Science}
}

@INPROCEEDINGS{6320878,
  author={Yifan Cai and Yang, Simon X.},
  booktitle={World Automation Congress 2012}, 
  title={A Survey on multi-robot systems}, 
  year={2012},
  volume={},
  number={},
  pages={1-6},
  doi={}}

@article{DONALD1982,
  doi = {10.1016/0146-664x(82)90104-6},
  url = {https://doi.org/10.1016/0146-664x(82)90104-6},
  year = {1982},
  month = jun,
  publisher = {Elsevier {BV}},
  volume = {19},
  number = {2},
  pages = {129--147},
  author = {Donald Meagher},
  title = {Geometric modeling using octree encoding},
  journal = {Computer Graphics and Image Processing}
}

@misc{zhou2021decentralized,
      title={Decentralized Spatial-Temporal Trajectory Planning for Multicopter Swarms}, 
      author={Xin Zhou and Zhepei Wang and Xiangyong Wen and Jiangchao Zhu and Chao Xu and Fei Gao},
      year={2021},
      eprint={2106.12481},
      archivePrefix={arXiv},
      primaryClass={cs.RO}
}

@article{Faria2019,
  doi = {10.3390/s19224849},
  url = {https://doi.org/10.3390/s19224849},
  year = {2019},
  month = nov,
  publisher = {{MDPI} {AG}},
  volume = {19},
  number = {22},
  pages = {4849},
  author = {Margarida Faria and Ant{\'{o}}nio S{\'{e}}rgio Ferreira and H{\'{e}}ctor P{\'{e}}rez-Leon and Ivan Maza and Antidio Viguria},
  title = {Autonomous 3D Exploration of Large Structures Using an {UAV} Equipped with a 2D {LIDAR}},
  journal = {Sensors}
}

@ARTICLE{GRZONKA2012,
  author={Grzonka, Slawomir and Grisetti, Giorgio and Burgard, Wolfram},
  journal={IEEE Transactions on Robotics}, 
  title={A Fully Autonomous Indoor Quadrotor}, 
  year={2012},
  volume={28},
  number={1},
  pages={90-100},
  doi={10.1109/TRO.2011.2162999}}

@article{BUG2019,
author = {K. N. McGuire  and C. De Wagter  and K. Tuyls  and H. J. Kappen  and G. C. H. E. de Croon },
title = {Minimal navigation solution for a swarm of tiny flying robots to explore an unknown environment},
journal = {Science Robotics},
volume = {4},
number = {35},
pages = {eaaw9710},
year = {2019},
doi = {10.1126/scirobotics.aaw9710},
URL = {https://www.science.org/doi/abs/10.1126/scirobotics.aaw9710},
eprint = {https://www.science.org/doi/pdf/10.1126/scirobotics.aaw9710}}

@article{KUMAR2023,
title = {Region coverage-aware path planning for unmanned aerial vehicles: A systematic review},
journal = {Physical Communication},
volume = {59},
pages = {102073},
year = {2023},
issn = {1874-4907},
doi = {https://doi.org/10.1016/j.phycom.2023.102073},
url = {https://www.sciencedirect.com/science/article/pii/S1874490723000769},
author = {Krishan Kumar and Neeraj Kumar},
keywords = {Coverage path planning, UAV-based survey, Multi-UAV path planning, Multi-region path planning, Online path planning}
}

@article{ACM2023,
author = {Jones, Michael and Djahel, Soufiene and Welsh, Kristopher},
title = {Path-Planning for Unmanned Aerial Vehicles with Environment Complexity Considerations: A Survey},
year = {2023},
issue_date = {November 2023},
publisher = {Association for Computing Machinery},
address = {New York, NY, USA},
volume = {55},
number = {11},
issn = {0360-0300},
url = {https://doi.org/10.1145/3570723},
doi = {10.1145/3570723},
journal = {ACM Comput. Surv.},
month = {feb},
articleno = {234},
numpages = {39},
keywords = {path-planning, environment modelling complexity, Unmanned aerial vehicles (UAVs)}
}

@ARTICLE{UAVCIVIL2019,
  author={Shakhatreh, Hazim and Sawalmeh, Ahmad H. and Al-Fuqaha, Ala and Dou, Zuochao and Almaita, Eyad and Khalil, Issa and Othman, Noor Shamsiah and Khreishah, Abdallah and Guizani, Mohsen},
  journal={IEEE Access}, 
  title={Unmanned Aerial Vehicles (UAVs): A Survey on Civil Applications and Key Research Challenges}, 
  year={2019},
  volume={7},
  number={},
  pages={48572-48634},
  doi={10.1109/ACCESS.2019.2909530}
  }

@ARTICLE{SurveyCollab2019,
  author={Alsamhi, Saeed H. and Ma, Ou and Ansari, Mohammad Samar and Almalki, Faris A.},
  journal={IEEE Access}, 
  title={Survey on Collaborative Smart Drones and Internet of Things for Improving Smartness of Smart Cities}, 
  year={2019},
  volume={7},
  number={},
  pages={128125-128152},
  doi={10.1109/ACCESS.2019.2934998}}

@ARTICLE{4082128,
  author={Hart, Peter E. and Nilsson, Nils J. and Raphael, Bertram},
  journal={IEEE Transactions on Systems Science and Cybernetics}, 
  title={A Formal Basis for the Heuristic Determination of Minimum Cost Paths}, 
  year={1968},
  volume={4},
  number={2},
  pages={100-107},
  doi={10.1109/TSSC.1968.300136}}

@article{LaValle1998RapidlyexploringRT,
  title={Rapidly-exploring random trees : a new tool for path planning},
  author={Steven M. LaValle},
  journal={The annual research report},
  year={1998},
  url={https://api.semanticscholar.org/CorpusID:14744621}
}

@INPROCEEDINGS{351061,
  author={Stentz, A.},
  booktitle={Proceedings of the 1994 IEEE International Conference on Robotics and Automation}, 
  title={Optimal and efficient path planning for partially-known environments}, 
  year={1994},
  volume={},
  number={},
  pages={3310-3317 vol.4},
  doi={10.1109/ROBOT.1994.351061}}


@article{Lumelsky1987,
  doi = {10.1007/bf01840369},
  url = {https://doi.org/10.1007/bf01840369},
  year = {1987},
  month = nov,
  publisher = {Springer Science and Business Media {LLC}},
  volume = {2},
  number = {1-4},
  pages = {403--430},
  author = {Vladimir J. Lumelsky and Alexander A. Stepanov},
  title = {Path-planning strategies for a point mobile automaton moving amidst unknown obstacles of arbitrary shape},
  journal = {Algorithmica}}

@article{Daponte2015,
  title={Metrology for drone and drone for metrology: Measurement systems on small civilian drones},
  author={Pasquale Daponte and Luca De Vito and Gianluca Mazzilli and Francesco Picariello and Sergio Rapuano and Maria Riccio},
  journal={2015 IEEE Metrology for Aerospace (MetroAeroSpace)},
  year={2015},
  pages={306-311}
}

@article{SHUKLA2016490,
title = {Application of robotics in onshore oil and gas industry - A review Part I},
journal = {Robotics and Autonomous Systems},
volume = {75},
pages = {490-507},
year = {2016},
issn = {0921-8890},
doi = {https://doi.org/10.1016/j.robot.2015.09.012},
url = {https://www.sciencedirect.com/science/article/pii/S0921889015002006},
author = {Amit Shukla and Hamad Karki},
}

@INPROCEEDINGS{PENDU2011,
  author={Hehn, Markus and D'Andrea, Raffaello},
  booktitle={2011 IEEE International Conference on Robotics and Automation}, 
  title={A flying inverted pendulum}, 
  year={2011},
  volume={},
  number={},
  pages={763-770},
  doi={10.1109/ICRA.2011.5980244}}


@Article{TONG2023,
AUTHOR = {Tong, Pengfei and Yang, Xuerong and Yang, Yajun and Liu, Wei and Wu, Peiyi},
TITLE = {Multi-UAV Collaborative Absolute Vision Positioning and Navigation: A Survey and Discussion},
JOURNAL = {Drones},
VOLUME = {7},
YEAR = {2023},
NUMBER = {4},
ARTICLE-NUMBER = {261},
URL = {https://www.mdpi.com/2504-446X/7/4/261},
ISSN = {2504-446X},
DOI = {10.3390/drones7040261}
}

@ARTICLE{8665862,
  author={Fu, Zhangjie and Mao, Yuanhang and He, Daojing and Yu, Jingnan and Xie, Guowu},
  journal={IEEE Access}, 
  title={Secure Multi-UAV Collaborative Task Allocation}, 
  year={2019},
  volume={7},
  number={},
  pages={35579-35587},
  doi={10.1109/ACCESS.2019.2902221}}

@ARTICLE{RACER2022,
  author={Zhou, Boyu and Xu, Hao and Shen, Shaojie},
  journal={IEEE Transactions on Robotics}, 
  title={RACER: Rapid Collaborative Exploration With a Decentralized Multi-UAV System}, 
  year={2023},
  volume={39},
  number={3},
  pages={1816-1835},
  doi={10.1109/TRO.2023.3236945}}

@book{HandBookRobotics2016,
doi = {10.1007/978-3-319-32552-1},
  url = {https://doi.org/10.1007/978-3-319-32552-1},
  year = {2016},
  publisher = {Springer International Publishing},
  editor = {Bruno Siciliano and Oussama Khatib},
  title = {Springer Handbook of Robotics}
}

@book{ARKIN1998,
doi = {10.1007/978-3-319-32552-1},
  url = {https://mitpress.mit.edu/9780262529204/behavior-based-robotics/},
  year = {1998},
  publisher = {MIT Press},
  editor = {Ronald C. Arkin},
  title = {Behavior-Based Robotics}
}

@ARTICLE{BROOKS1986,
  author={Brooks, R.},
  journal={IEEE Journal on Robotics and Automation}, 
  title={A robust layered control system for a mobile robot}, 
  year={1986},
  volume={2},
  number={1},
  pages={14-23},
  doi={10.1109/JRA.1986.1087032}}


@book{HandBookUAV2016,
  author = {Siciliano, Bruno and Khatib Oussama},
  title = {Springer Handbook of Robotics},
  edition = {2nd},
  publisher = {Springer Cham},
  year = {2016},
  isbn = {978-3-319-32552-1},
  doi={https://doi.org/10.1007/978-3-319-32552-1}
}

@incollection{Dalamagkidis2014,
  doi = {10.1007/978-90-481-9707-1_92},
  url = {https://doi.org/10.1007/978-90-481-9707-1_92},
  year = {2014},
  month = aug,
  publisher = {Springer Netherlands},
  pages = {43--55},
  author = {Konstantinos Dalamagkidis},
  title = {Definitions and Terminology},
  booktitle = {Handbook of Unmanned Aerial Vehicles}
}

@Article{math11102356,
AUTHOR = {Aljalaud, Faten and Kurdi, Heba and Youcef-Toumi, Kamal},
TITLE = {Bio-Inspired Multi-UAV Path Planning Heuristics: A Review},
JOURNAL = {Mathematics},
VOLUME = {11},
YEAR = {2023},
NUMBER = {10},
ARTICLE-NUMBER = {2356},
URL = {https://www.mdpi.com/2227-7390/11/10/2356},
ISSN = {2227-7390},
DOI = {10.3390/math11102356}
}

@misc{yang2022far,
      title={FAR Planner: Fast, Attemptable Route Planner using Dynamic Visibility Update}, 
      author={Fan Yang and Chao Cao and Hongbiao Zhu and Jean Oh and Ji Zhang},
      year={2022},
      eprint={2110.09460},
      archivePrefix={arXiv},
      primaryClass={cs.RO}
}

@article{Tsardoulias2016,
  doi = {10.1007/s10846-016-0362-z},
  url = {https://doi.org/10.1007/s10846-016-0362-z},
  year = {2016},
  month = may,
  publisher = {Springer Science and Business Media {LLC}},
  volume = {84},
  number = {1-4},
  pages = {829--858},
  author = {E. G. Tsardoulias and A. Iliakopoulou and A. Kargakos and L. Petrou},
  title = {A Review of Global Path Planning Methods for Occupancy Grid Maps Regardless of Obstacle Density},
  journal = {Journal of Intelligent and Robotic Systems}
}

@book{Bekey2005,
  author = {Bekey, George A.},
  title = {Autonomus Robots From Biological Inspiration to Implementation and Controol},
  edition = {1st},
  publisher = {MIT Press},
  year = {2005},
  isbn = {9780262534185}
}

@misc{Lcady2014,
title={Hovering over the drone patent landscape},
url={https://www.ificlaims.com/news/view/blog-posts/hovering-over-the-drone.htm},
journal={IFI CLAIMS® Patent Services},
author={Lcady},
year={2014},
month={Nov}
}

@INPROCEEDINGS{ZHAO2020,
  author={Zhao, Hong},
  booktitle={2020 International Wireless Communications and Mobile Computing (IWCMC)}, 
  title={Optimal Path Planning for Robot Based on Ant Colony Algorithm}, 
  year={2020},
  volume={},
  number={},
  pages={671-675},
  doi={10.1109/IWCMC48107.2020.9148277}}


@Article{DENG2023,
AUTHOR = {Deng, Lixia and Chen, Huanyu and Zhang, Xiaoyiqun and Liu, Haiying},
TITLE = {Three-Dimensional Path Planning of UAV Based on Improved Particle Swarm Optimization},
JOURNAL = {Mathematics},
VOLUME = {11},
YEAR = {2023},
NUMBER = {9},
ARTICLE-NUMBER = {1987},
URL = {https://www.mdpi.com/2227-7390/11/9/1987},
ISSN = {2227-7390},
DOI = {10.3390/math11091987}
}

@article{XU2023110164,
title = {Cooperative path planning optimization for multiple UAVs with communication constraints},
journal = {Knowledge-Based Systems},
volume = {260},
pages = {110164},
year = {2023},
issn = {0950-7051},
doi = {https://doi.org/10.1016/j.knosys.2022.110164},
url = {https://www.sciencedirect.com/science/article/pii/S0950705122012606},
author = {Liang Xu and Xianbin Cao and Wenbo Du and Yumeng Li},
keywords = {Multiple UAVs, Cooperative path planning, Communication constraints, Particle swarm optimization},
}

@INPROCEEDINGS{9561328,
  author={Yu, Jincheng and Tong, Jianming and Xu, Yuanfan and Xu, Zhilin and Dong, Haolin and Yang, Tianxiang and Wang, Yu},
  booktitle={2021 IEEE International Conference on Robotics and Automation (ICRA)}, 
  title={SMMR-Explore: SubMap-based Multi-Robot Exploration System with Multi-robot Multi-target Potential Field Exploration Method}, 
  year={2021},
  volume={},
  number={},
  pages={8779-8785},
  doi={10.1109/ICRA48506.2021.9561328}}


@INPROCEEDINGS{9483227,
  author={Kabir, Rabiul Hasan and Lee, Kooktae},
  booktitle={2021 American Control Conference (ACC)},
  title={Efficient, Decentralized, and Collaborative Multi-Robot Exploration using Optimal Transport Theory}, 
  year={2021},
  volume={},
  number={},
  pages={4203-4208},
  doi={10.23919/ACC50511.2021.9483227}}


@INPROCEEDINGS{9561226,
  author={Corah, Micah and Michael, Nathan},
  booktitle={2021 IEEE International Conference on Robotics and Automation (ICRA)}, 
  title={Volumetric Objectives for Multi-Robot Exploration of Three-Dimensional Environments}, 
  year={2021},
  volume={},
  number={},
  pages={9043-9050},
  doi={10.1109/ICRA48506.2021.9561226}}


@INPROCEEDINGS{YAMAUCHI1997,
  author={Yamauchi, B.},
  booktitle={Proceedings 1997 IEEE International Symposium on Computational Intelligence in Robotics and Automation CIRA'97. 'Towards New Computational Principles for Robotics and Automation'}, 
  title={A frontier-based approach for autonomous exploration}, 
  year={1997},
  volume={},
  number={},
  pages={146-151},
  doi={10.1109/CIRA.1997.613851}}


@article{PathPlanning2020,
title = {Path planning techniques for unmanned aerial vehicles: A review, solutions, and challenges},
journal = {Computer Communications},
volume = {149},
pages = {270-299},
year = {2020},
issn = {0140-3664},
doi = {https://doi.org/10.1016/j.comcom.2019.10.014},
url = {https://www.sciencedirect.com/science/article/pii/S0140366419308539},
author = {Shubhani Aggarwal and Neeraj Kumar}}

@INPROCEEDINGS{MultiPathPlanning2018,
  author={Zu, Wei and Fan, Guoliang. and Gao, Yang and Ma, Yao and Zhang, Haiying and Zeng, Haitao},
  booktitle={2018 IEEE International Conference on Mechatronics and Automation (ICMA)}, 
  title={Multi-UAVs Cooperative Path Planning Method based on Improved RRT Algorithm}, 
  year={2018},
  volume={},
  number={},
  pages={1563-1567},
  doi={10.1109/ICMA.2018.8484400}}


@Article{sym10100450,
AUTHOR = {Zhang, Han-ye and Lin, Wei-ming and Chen, Ai-xia},
TITLE = {Path Planning for the Mobile Robot: A Review},
JOURNAL = {Symmetry},
VOLUME = {10},
YEAR = {2018},
NUMBER = {10},
ARTICLE-NUMBER = {450},
URL = {https://www.mdpi.com/2073-8994/10/10/450},
ISSN = {2073-8994},
DOI = {10.3390/sym10100450}
}

@article{Chronis2023,
doi = {10.1088/1742-6596/2526/1/012088},
url = {https://dx.doi.org/10.1088/1742-6596/2526/1/012088},
year = {2023},
month = {jun},
publisher = {IOP Publishing},
volume = {2526},
number = {1},
pages = {012088},
author = {Christos Chronis and Georgios Anagnostopoulos and Elena Politi and Antonios Garyfallou and Iraklis Varlamis and George Dimitrakopoulos},
title = {Path planning of autonomous UAVs using reinforcement learning},
journal = {Journal of Physics: Conference Series}}


@book{THRUN2005,
author = {Thrun, Sebastian and Burgard, Wolfram and Fox, Dieter},
title = {Probabilistic Robotics (Intelligent Robotics and Autonomous Agents)},
year = {2005},
isbn = {0262201623},
publisher = {The MIT Press},
pages={171-172},
}

@INPROCEEDINGS{Chen2017,
  author={Chen, Xia and Li, Guang-yao and Chen, Xiang-min},
  booktitle={2017 29th Chinese Control And Decision Conference (CCDC)}, 
  title={Path planning and cooperative control for multiple UAVs based on consistency theory and Voronoi diagram}, 
  year={2017},
  volume={},
  number={},
  pages={881-886},
  doi={10.1109/CCDC.2017.7978644}}

@Article{drones2022,
AUTHOR = {Jarray, Raja and Bouallègue, Soufiene and Rezk, Hegazy and Al-Dhaifallah, Mujahed},
TITLE = {Parallel Multiobjective Multiverse Optimizer for Path Planning of Unmanned Aerial Vehicles in a Dynamic Environment with Moving Obstacles},
JOURNAL = {Drones},
VOLUME = {6},
YEAR = {2022},
NUMBER = {12},
ARTICLE-NUMBER = {385},
URL = {https://www.mdpi.com/2504-446X/6/12/385},
ISSN = {2504-446X},
DOI = {10.3390/drones6120385}}

@ARTICLE{10120941,
  author={Tahir, Muhammad Amir and Mir, Imran and Islam, Tauqeer Ul},
  journal={IEEE Access}, 
  title={A Review of UAV Platforms for Autonomous Applications: Comprehensive Analysis and Future Directions}, 
  year={2023},
  volume={11},
  number={},
  pages={52540-52554},
  doi={10.1109/ACCESS.2023.3273780}}


@article{CHEN2014,
  doi = {10.1007/s10846-014-0077-y},
  url = {https://doi.org/10.1007/s10846-014-0077-y},
  year = {2014},
  month = jul,
  publisher = {Springer Science and Business Media {LLC}},
  volume = {77},
  number = {1},
  pages = {229--246},
  author = {YongBo Chen and JianQiao Yu and XiaoLong Su and GuanChen Luo},
  title = {Path Planning for Multi-{UAV} Formation},
  journal = {Journal of Intelligent and Robotic Systems}
}

@article{Zhang2023,
  doi = {10.1002/gj.4763},
  url = {https://doi.org/10.1002/gj.4763},
  year = {2023},
  month = may,
  publisher = {Wiley},
  volume = {58},
  number = {6},
  pages = {2454--2472},
  author = {Ran Zhang and Guangbo Hao and Kong Zhang and Zili Li},
  title = {Unmanned aerial vehicle navigation in underground structure inspection: A review},
  journal = {Geological Journal}
}

@article{UAVPRACTICAL2023,
author={Mohsan, Syed Agha Hassnain and Othman, Nawaf Qasem Hamood and Li, Yanlong, Alsharif and Mohammed H. and Khan,Muhammad Asghar},
title={Unmanned aerial vehicles (UAVs): practical aspects, applications, open challenges, security issues, and future trends},
JOURNAL = {Intelligent Service Robotics},
VOLUME = {16},
YEAR = {2023},
NUMBER = {1},
DOI = {https://doi.org/10.1007/s11370-022-00452-4}}
}

@Article{machines2023,
AUTHOR = {Zhang, Danyang and Xuan, Zhaolong and Zhang, Yang and Yao, Jiangyi and Li, Xi and Li, Xiongwei},
TITLE = {Path Planning of Unmanned Aerial Vehicle in Complex Environments Based on State-Detection Twin Delayed Deep Deterministic Policy Gradient},
JOURNAL = {Machines},
VOLUME = {11},
YEAR = {2023},
NUMBER = {1},
ARTICLE-NUMBER = {108},
URL = {https://www.mdpi.com/2075-1702/11/1/108},
ISSN = {2075-1702},
DOI = {10.3390/machines11010108}}

@misc{MITNEWS2018,
title={Fleets of drones could aid searches for lost hikers},
url={https://news.mit.edu/2018/fleets-drones-help-searches-lost-hikers-1102},
journal={MIT News},
author={Rob Matheson},
year={2018},
month={Nov}
}

@ARTICLE{GUPTA2016,
  author={Gupta, Lav and Jain, Raj and Vaszkun, Gabor},
  journal={IEEE Communications Surveys and Tutorials}, 
  title={Survey of Important Issues in UAV Communication Networks}, 
  year={2016},
  volume={18},
  number={2},
  pages={1123-1152},
  doi={10.1109/COMST.2015.2495297}}

@ARTICLE{FUEL,
  author={Zhou, Boyu and Zhang, Yichen and Chen, Xinyi and Shen, Shaojie},
  journal={IEEE Robotics and Automation Letters}, 
  title={FUEL: Fast UAV Exploration Using Incremental Frontier Structure and Hierarchical Planning}, 
  year={2021},
  volume={6},
  number={2},
  pages={779-786},
  doi={10.1109/LRA.2021.3051563}}



@ARTICLE{VEGETACION2017,
  author={J. Senthilnath, Manasa Kandukuri, Akanksha Dokania},
  journal={Computers and Electronics in Agriculture}, 
  title={Application of UAV imaging platform for vegetation analysis based on spectral-spatial methods}, 
  year={2017},
  volume={Volume 140},
  number={0168-1699},
  pages={8-24},
  doi={10.1016/j.compag.2017.05.027}}

@ARTICLE{SELIN2019,
  author={Selin, Magnus and Tiger, Mattias and Duberg, Daniel and Heintz, Fredrik and Jensfelt, Patric},
  journal={IEEE Robotics and Automation Letters}, 
  title={Efficient Autonomous Exploration Planning of Large-Scale 3-D Environments}, 
  year={2019},
  volume={4},
  number={2},
  pages={1699-1706},
  doi={10.1109/LRA.2019.2897343}}

@misc{Subahani2020,
  doi = {10.1002/9781119681328.ch6},
  url = {https://doi.org/10.1002/9781119681328.ch6},
  year = {2020},
  month = jul,
  publisher = {Wiley},
  pages = {105--126},
  author = {A. Mahaboob Subahani and M. Kathiresh and S. Sanjeev},
  title = {Transmission Line Inspection Using Unmanned Aerial Vehicle}
}

@ARTICLE{ROADS2017,
  author={Zhou, Hailing and Kong, Hui and Wei, Lei and Creighton, Douglas and Nahavandi, Saeid},
  journal={IEEE Transactions on Intelligent Transportation Systems}, 
  title={On Detecting Road Regions in a Single UAV Image}, 
  year={2017},
  volume={18},
  number={7},
  pages={1713-1722},
  doi={10.1109/TITS.2016.2622280}}

@article{ramirez2001,
title={Collision-free path planning for nonholonomic mobile robots using a new obstacle representation in the velocity space},
volume={19},
DOI={10.1017/S0263574701003484},
number={5},
journal={Robotica},
publisher={Cambridge University Press},
author={Ramirez, Gabriel and Zeghloul, Said},
year={2001},
pages={543-555}
}

@mastersthesis{CINVES2013,
    author        = {Sandoval Garc\'{i}a, Humberto},
    title         = {Generaci\'{o}n de mapas utilizando veh\'{i}culos a\'{e}reos no tripulados de baja altitud},
    year          = {2013},
    month = {Febrero},
    school = {CINVESTAV Unidad Tamaulipas},
}

@phdthesis{CIESLEWSKI2021,
    author = {Cieslewski, Titus},
    title  = {Decentralized Multi-Agent Visual SLAM},
    year = {2021},
    month = {Febrero},
    school = {University of Zurich},
    url={https://rpg.ifi.uzh.ch/docs/thesis_Cieslewski_final.pdf}
}

@ARTICLE{9844235,
  author={Morilla-Cabello, David and Bartolomei, Luca and Teixeira, Lucas and Montijano, Eduardo and Chli, Margarita},
  journal={IEEE Robotics and Automation Letters}, 
  title={Sweep-Your-Map: Efficient Coverage Planning for Aerial Teams in Large-Scale Environments}, 
  year={2022},
  volume={7},
  number={4},
  pages={10810-10817},
  doi={10.1109/LRA.2022.3194686}}


@phdthesis{CINVESTAM2013,
    author        = {Elizondo Leal, Juan Carlos},
    title         = {Estrategia Descentralizada para la Exploraci\'{o}n Multi-Robot, incluyendo Restricciones en Rango de Comunicaci\'{o}n},
        year          = {2013},
    month = {Junio},
    school = {CINVESTAV Unidad Tamaulipas},
}

@mastersthesis{CINVES2015,
    author        = {Villanueva Grijalva, Omar Abraham},
    title         = {Control de un veh\'{i}culo a\'{e}reo no tripulado (AUV) para reconocimiento en interiores},
    journal  = {Msc. Thesis Cinvestav},
    year          = {2015},
    month = {Septiembre},
    school = {CINVESTAV Unidad Guadalajara},
}

@ARTICLE{BARTOLOMEI2023,
  author={Bartolomei, Luca and Teixeira, Lucas and Chli, Margarita},
  journal={IEEE Robotics and Automation Letters}, 
  title={Fast Multi-UAV Decentralized Exploration of Forests}, 
  year={2023},
  volume={8},
  number={9},
  pages={5576-5583},
  doi={10.1109/LRA.2023.3296037}}

@ARTICLE{HybridCampos2017,
author={Campos-Mac\'{i}as, Leobardo and G\'{o}mez-Guti\'{e}rrez, David and Aldana-L\'{o}pez, Rodrigo and de la Guardia, Rafael and Parra-Vilchis, Jos\'{e} I.},
journal={IEEE Robotics and Automation Letters},
title={A Hybrid Method for Online Trajectory Planning of Mobile Robots in Cluttered Environments},
year={2017},
volume={2},
number={2},
pages={935-942},
doi={10.1109/LRA.2017.2655145}} 

@article{CINVES2021,
	doi = {10.1002/rob.21959},
	url = {https://doi.org/10.1002/rob.21959},
	year = 2020,
	month = {may},
	publisher = {Wiley},
	volume = {38},
	number = {2},
	pages = {307--326},
	author = {Leobardo Campos-Mac\'{i}as and Rodrigo Aldana-L\'{o}pez and Rafael Guardia and Jos\'{e} I. Parra-Vilchis and David G\'{o}mez-Guti\'{e}rrez},
	title = {Autonomous navigation of {MAVs} in unknown cluttered environments}, 
	journal = {Journal of Field Robotics}
}

@INPROCEEDINGS{COLLINS2019,
  author={Collins, Matthew and Michael, Nathan},
  booktitle={2020 IEEE International Conference on Robotics and Automation (ICRA)}, 
  title={Efficient Planning for High-Speed MAV Flight in Unknown Environments Using Online Sparse Topological Graphs}, 
  year={2020},
  volume={},
  number={},
  pages={11450-11456},
  doi={10.1109/ICRA40945.2020.9197167}}



@INPROCEEDINGS{CIESLEWSKI2017,
  author={Cieslewski, Titus and Kaufmann, Elia and Scaramuzza, Davide},
  booktitle={2017 IEEE/RSJ International Conference on Intelligent Robots and Systems (IROS)}, 
  title={Rapid exploration with multi-rotors: A frontier selection method for high speed flight}, 
  year={2017},
  volume={},
  number={},
  pages={2135-2142},
  doi={10.1109/IROS.2017.8206030}}

@INPROCEEDINGS{PAPACHRISTOS2017,
  author={Papachristos, Christos and Khattak, Shehryar and Alexis, Kostas},
  booktitle={2017 IEEE International Conference on Robotics and Automation (ICRA)}, 
  title={Uncertainty-aware receding horizon exploration and mapping using aerial robots}, 
  year={2017},
  volume={},
  number={},
  pages={4568-4575},
  doi={10.1109/ICRA.2017.7989531}}

@article{OLEYNIKOVA2018,
	doi = {10.1109/lra.2018.2800109},
	url = {https://doi.org/10.1109/lra.2018.2800109},
	year = 2018,
	month = {jul},
	publisher = {Institute of Electrical and Electronics Engineers ({IEEE})},
	volume = {3},
	number = {3},
	pages = {1474--1481},
	author = {Helen Oleynikova and Zachary Taylor and Roland Siegwart and Juan Nieto},
	title = {Safe Local Exploration for Replanning in Cluttered Unknown Environments for Microaerial Vehicles}, 
	journal = {{IEEE} Robotics and Automation Letters}
}

@INPROCEEDINGS{9836079,
  author={Farooq, Adil and Laoudias, Christos and Kolios, Panayiotis S. and Theocharides, Theocharis},
  booktitle={2022 International Conference on Unmanned Aircraft Systems (ICUAS)}, 
  title={Quantitative and Qualitative Assessment of Indoor Exploration Algorithms for Autonomous UAVs}, 
  year={2022},
  volume={},
  number={},
  pages={487-496},
  doi={10.1109/ICUAS54217.2022.9836079}}


@INPROCEEDINGS{GAO2018,
  author={Gao, Fei and Wu, William and Lin, Yi and Shen, Shaojie},
  booktitle={2018 IEEE International Conference on Robotics and Automation (ICRA)}, 
  title={Online Safe Trajectory Generation for Quadrotors Using Fast Marching Method and Bernstein Basis Polynomial}, 
  year={2018},
  volume={},
  number={},
  pages={344-351},
  doi={10.1109/ICRA.2018.8462878}}

@misc{FLORENCE2018,
      title={NanoMap: Fast, Uncertainty-Aware Proximity Queries with Lazy Search over Local 3D Data}, 
      author={Peter R. Florence and John Carter and Jake Ware and Russ Tedrake},
      year={2018},
      eprint={1802.09076},
      archivePrefix={arXiv},
      primaryClass={cs.RO}
}

@inproceedings{USENKO2017,
	doi = {10.1109/iros.2017.8202160},
	url = {https://doi.org/10.1109/iros.2017.8202160},
	year = 2017,
	month = {sep},
	publisher = {{IEEE}
},
	author = {Vladyslav Usenko and Lukas von Stumberg and Andrej Pangercic and Daniel Cremers},
	title = {Real-time trajectory replanning for {MAVs} using uniform B-splines and a 3D circular buffer}, 
	booktitle = {2017 {IEEE}/{RSJ} International Conference on Intelligent Robots and Systems ({IROS})}
}

@article{MOHTA2017,
  doi = {10.1002/rob.21774},
  url = {https://doi.org/10.1002/rob.21774},
  year = {2017},
  month = dec,
  publisher = {Wiley},
  volume = {35},
  number = {1},
  pages = {101--120},
  author = {Kartik Mohta and Michael Watterson and Yash Mulgaonkar and Sikang Liu and Chao Qu and Anurag Makineni and Kelsey Saulnier and Ke Sun and Alex Zhu and Jeffrey Delmerico and Konstantinos Karydis and Nikolay Atanasov and Giuseppe Loianno and Davide Scaramuzza and Kostas Daniilidis and Camillo Jose Taylor and Vijay Kumar},
  title = {Fast,  autonomous flight in {GPS}-denied and cluttered environments},
  journal = {Journal of Field Robotics}
}

@article{LIN2017,
  doi = {10.1002/rob.21732},
  url = {https://doi.org/10.1002/rob.21732},
  year = {2017},
  month = jul,
  publisher = {Wiley},
  volume = {35},
  number = {1},
  pages = {23--51},
  author = {Yi Lin and Fei Gao and Tong Qin and Wenliang Gao and Tianbo Liu and William Wu and Zhenfei Yang and Shaojie Shen},
  title = {Autonomous aerial navigation using monocular visual-inertial fusion},
  journal = {Journal of Field Robotics}
}

@misc{WESTHEIDER2023,
      title={Multi-UAV Adaptive Path Planning Using Deep Reinforcement Learning}, 
      author={Jonas Westheider and Julius R{\"u}ckin and Marija Popovi{\.c}},
      year={2023},
      eprint={2303.01150},
      archivePrefix={arXiv},
      primaryClass={cs.RO}
}

@article{DARPA2022,
  doi = {10.55417/fr.2022055},
  url = {https://doi.org/10.55417/fr.2022055},
  year = {2022},
  month = mar,
  publisher = {Field Robotics Publication Society},
  volume = {2},
  number = {1},
  pages = {1779--1818},
  author = {Tom\'{a}\v{s} Rou\v{c}ek and Martin Pecka and Petr \v{C}\'{\i}\v{z}ek and Tom\'{a}\v{s} Pet\v{r}\'\i\v{c}ek and Jan Bayer and Vojt\v{e}ch \v{S}alansk\'{y} and Teymur Azayev and Daniel He\v{r}t and Mat\v{e}j Petrl\'{i}k and Tom\'{a}\v{s} B\'{a}\v{c}a and Vojtech Spurn\'y and V\'{i}t Kr\'{a}tky\'{y} and Pavel Petr\'{a}\v{c}ek and Dominic Baril and Maxime Vaidis and Vladim\'{i}r Kubelka and Fran\c{c}ois Pomerleau and Jan Faigl and Karel Zimmermann and Martin Saska and Tom\'{a}\v{s} Svoboda and Tom\'{a}\v{s} Krajn\'{i}k},
  title = {System for multi-robotic exploration of underground environments {CTU}-{CRAS}-{NORLAB} in the {DARPA} Subterranean Challenge},
  journal = {Field Robotics}
}

@INPROCEEDINGS{SHEN2011,
  author={Shen, Shaojie and Michael, Nathan and Kumar, Vijay},
  booktitle={2011 IEEE International Conference on Robotics and Automation}, 
  title={Autonomous multi-floor indoor navigation with a computationally constrained MAV}, 
  year={2011},
  volume={},
  number={},
  pages={20-25},
  doi={10.1109/ICRA.2011.5980357}}

@INPROCEEDINGS{FRAUNDORFER2012,
  author={Fraundorfer, Friedrich and Heng, Lionel and Honegger, Dominik and Lee, Gim Hee and Meier, Lorenz and Tanskanen, Petri and Pollefeys, Marc},
  booktitle={2012 IEEE/RSJ International Conference on Intelligent Robots and Systems}, 
  title={Vision-based autonomous mapping and exploration using a quadrotor MAV}, 
  year={2012},
  volume={},
  number={},
  pages={4557-4564},
  doi={10.1109/IROS.2012.6385934}}

@ARTICLE{ARMIN2013,
  author = {Armin Hornung and Kai M. Wurm and Maren Bennewitz and Cyrill
  Stachniss and Wolfram Burgard},
  title = {{OctoMap}: An Efficient Probabilistic {3D} Mapping Framework Based
  on Octrees},
  journal = {Autonomous Robots},
  year = 2013,
  url = {https://octomap.github.io},
  doi = {10.1007/s10514-012-9321-0},
  note = {Software available at \url{https://octomap.github.io}}
}

@ARTICLE{1435481,
  author={Burgard, W. and Moors, M. and Stachniss, C. and Schneider, F.E.},
  journal={IEEE Transactions on Robotics}, 
  title={Coordinated multi-robot exploration}, 
  year={2005},
  volume={21},
  number={3},
  pages={376-386},
  doi={10.1109/TRO.2004.839232}}

@article{Tian,
author = {Yulun Tian and Katherine Liu and Kyel Ok and Loc Tran and Danette Allen and Nicholas Roy and Jonathan P. How},
title ={Search and rescue under the forest canopy using multiple UAVs},
journal = {The International Journal of Robotics Research},
volume = {39},
number = {10-11},
pages = {1201-1221},
year = {2020},
doi = {10.1177/0278364920929398},
URL = {https://doi.org/10.1177/0278364920929398
}
}